
    <zs:record>
      <zs:recordSchema/>
      <zs:recordPacking>xml</zs:recordPacking>
      <zs:recordData>
        <record xmlns="http://www.loc.gov/MARC21/slim">
          <leader>03965cjm a2200745 i 4500</leader>
          <controlfield tag="001">23378987</controlfield>
          <controlfield tag="005">20231129151242.0</controlfield>
          <controlfield tag="007">sd fsngnnmmned</controlfield>
          <controlfield tag="008">231107p20092006ctumcn|  i        | eng d</controlfield>
          <datafield tag="906" ind1=" " ind2=" ">
            <subfield code="a">7</subfield>
            <subfield code="b">cbc</subfield>
            <subfield code="c">copycat</subfield>
            <subfield code="d">2</subfield>
            <subfield code="e">ncip</subfield>
            <subfield code="f">20</subfield>
            <subfield code="g">y-soundrec</subfield>
          </datafield>
          <datafield tag="925" ind1="0" ind2=" ">
            <subfield code="a">acquire</subfield>
            <subfield code="b">2 shelf copies</subfield>
            <subfield code="x">policy default</subfield>
          </datafield>
          <datafield tag="955" ind1=" " ind2=" ">
            <subfield code="a">qr27 2023-11-07 z-client</subfield>
            <subfield code="i">qr27 2023-11-07</subfield>
          </datafield>
          <datafield tag="010" ind1=" " ind2=" ">
            <subfield code="a">  2023887053</subfield>
          </datafield>
          <datafield tag="024" ind1="1" ind2=" ">
            <subfield code="a">741117624122</subfield>
          </datafield>
          <datafield tag="028" ind1="0" ind2="2">
            <subfield code="a">OC 6241</subfield>
            <subfield code="b">Original Cast Records</subfield>
            <subfield code="q">(container spine)</subfield>
          </datafield>
          <datafield tag="028" ind1="0" ind2="2">
            <subfield code="a">6241</subfield>
            <subfield code="b">Original Cast Records</subfield>
            <subfield code="q">(label/container verso)</subfield>
          </datafield>
          <datafield tag="035" ind1=" " ind2=" ">
            <subfield code="a">(OCoLC)ocn820170934</subfield>
          </datafield>
          <datafield tag="040" ind1=" " ind2=" ">
            <subfield code="a">CFS</subfield>
            <subfield code="b">eng</subfield>
            <subfield code="e">rda</subfield>
            <subfield code="c">CFS</subfield>
            <subfield code="d">TEF</subfield>
            <subfield code="d">OCLCF</subfield>
            <subfield code="d">OCLCO</subfield>
            <subfield code="d">TOH</subfield>
            <subfield code="d">OCLCQ</subfield>
            <subfield code="d">UIU</subfield>
            <subfield code="d">OCLCO</subfield>
            <subfield code="d">DLC</subfield>
          </datafield>
          <datafield tag="042" ind1=" " ind2=" ">
            <subfield code="a">lccopycat</subfield>
          </datafield>
          <datafield tag="046" ind1=" " ind2=" ">
            <subfield code="k">1930</subfield>
            <subfield code="2">edtf</subfield>
          </datafield>
          <datafield tag="050" ind1="0" ind2="0">
            <subfield code="a">SDD 71466</subfield>
          </datafield>
          <datafield tag="082" ind1="0" ind2="4">
            <subfield code="a">782.1/4</subfield>
            <subfield code="2">23</subfield>
          </datafield>
          <datafield tag="245" ind1="0" ind2="4">
            <subfield code="a">The Broadway musicals of 1930.</subfield>
          </datafield>
          <datafield tag="264" ind1=" " ind2="1">
            <subfield code="a">[Georgetown, Connecticut] :</subfield>
            <subfield code="b">Original Cast Records,</subfield>
            <subfield code="c">[2009]</subfield>
          </datafield>
          <datafield tag="264" ind1=" " ind2="4">
            <subfield code="c">©2009</subfield>
          </datafield>
          <datafield tag="300" ind1=" " ind2=" ">
            <subfield code="a">1 audio disc :</subfield>
            <subfield code="b">digital ;</subfield>
            <subfield code="c">4 3/4 in.</subfield>
          </datafield>
          <datafield tag="336" ind1=" " ind2=" ">
            <subfield code="a">performed music</subfield>
            <subfield code="b">prm</subfield>
            <subfield code="2">rdacontent</subfield>
          </datafield>
          <datafield tag="337" ind1=" " ind2=" ">
            <subfield code="a">audio</subfield>
            <subfield code="b">s</subfield>
            <subfield code="2">rdamedia</subfield>
          </datafield>
          <datafield tag="338" ind1=" " ind2=" ">
            <subfield code="a">audio disc</subfield>
            <subfield code="b">sd</subfield>
            <subfield code="2">rdacarrier</subfield>
          </datafield>
          <datafield tag="344" ind1=" " ind2=" ">
            <subfield code="a">digital</subfield>
            <subfield code="2">rdatr</subfield>
          </datafield>
          <datafield tag="344" ind1=" " ind2=" ">
            <subfield code="b">optical</subfield>
            <subfield code="2">rdarm</subfield>
          </datafield>
          <datafield tag="344" ind1=" " ind2=" ">
            <subfield code="g">stereo</subfield>
            <subfield code="2">rdacpc</subfield>
          </datafield>
          <datafield tag="347" ind1=" " ind2=" ">
            <subfield code="a">audio file</subfield>
            <subfield code="2">rdaft</subfield>
          </datafield>
          <datafield tag="347" ind1=" " ind2=" ">
            <subfield code="b">CD audio</subfield>
          </datafield>
          <datafield tag="490" ind1="0" ind2=" ">
            <subfield code="a">Town Hall presents Broadway by the year ;</subfield>
            <subfield code="v">Series six</subfield>
          </datafield>
          <datafield tag="500" ind1=" " ind2=" ">
            <subfield code="a">"Original Off-Broadway cast."</subfield>
          </datafield>
          <datafield tag="500" ind1=" " ind2=" ">
            <subfield code="a">Title from disc label.</subfield>
          </datafield>
          <datafield tag="511" ind1="0" ind2=" ">
            <subfield code="a">Nancy Anderson, Seán Martin Hingston, Celia Keenan-Bolger, Marc Kudisch, Douglas Ladnier, Shannon Lewis, Deven May, Miles Phillips, Jennifer Simard, Emily Skinner, Mary Testa, Michael Winther, vocalists ; Ross Patterson Little Big Band ; Ross Patterson, piano, arranger, musical director.</subfield>
          </datafield>
          <datafield tag="508" ind1=" " ind2=" ">
            <subfield code="a">Produced for CD by Peter Pinne. Created, written, and hosted by Scott Siegel.</subfield>
          </datafield>
          <datafield tag="518" ind1=" " ind2=" ">
            <subfield code="o">Recorded in live performance</subfield>
            <subfield code="p">at the Town Hall, New York,</subfield>
            <subfield code="d">2006 March 6.</subfield>
          </datafield>
          <datafield tag="505" ind1="0" ind2="0">
            <subfield code="t">Girl crazy. I got rhythm --</subfield>
            <subfield code="t">The New Yorkers. Take me back to Manhattan --</subfield>
            <subfield code="t">Girl crazy. Embraceable you --</subfield>
            <subfield code="t">Lew Leslie's International revue. On the sunny side of the street --</subfield>
            <subfield code="t">He came along : cut from Smiles --</subfield>
            <subfield code="t">Blackberries of 1930. Memories of you --</subfield>
            <subfield code="t">Smiles. If I were you, love (I'd jump right in the lake) --</subfield>
            <subfield code="t">Lew Leslie's international revue. I've got a bug in my head --</subfield>
            <subfield code="t">Girl crazy. But not for me --</subfield>
            <subfield code="t">Strike up the band. Strike up the band --</subfield>
            <subfield code="t">The New Yorkers. I happen to like New York --</subfield>
            <subfield code="t">Three's a crowd. Right at the start of it --</subfield>
            <subfield code="t">Smiles. Time on my hands --</subfield>
            <subfield code="t">Nina Rosa. My first love, my last love --</subfield>
            <subfield code="t">Three's a crowd. Body and soul --</subfield>
            <subfield code="t">Girl crazy. Barbary coast --</subfield>
            <subfield code="t">He was too good to me : cut from Simple Simon--</subfield>
            <subfield code="t">Simple Simon. Ten cents a dance --</subfield>
            <subfield code="t">Who cares. Who cares? --</subfield>
            <subfield code="t">The New Yorkers. Love for sale --</subfield>
            <subfield code="t">Strike up the band. I've got a crush on you --</subfield>
            <subfield code="t">9:15 revue. Get happy.</subfield>
          </datafield>
          <datafield tag="650" ind1=" " ind2="0">
            <subfield code="a">Revues.</subfield>
          </datafield>
          <datafield tag="650" ind1=" " ind2="0">
            <subfield code="a">Musicals</subfield>
            <subfield code="v">Excerpts, Arranged.</subfield>
          </datafield>
          <datafield tag="650" ind1=" " ind2="7">
            <subfield code="a">Musicals</subfield>
            <subfield code="x">Excerpts, Arranged.</subfield>
            <subfield code="2">fast</subfield>
            <subfield code="0">(OCoLC)fst01426046</subfield>
          </datafield>
          <datafield tag="655" ind1=" " ind2="7">
            <subfield code="a">Revues.</subfield>
            <subfield code="2">lcgft</subfield>
          </datafield>
          <datafield tag="655" ind1=" " ind2="7">
            <subfield code="a">Musicals.</subfield>
            <subfield code="2">lcgft</subfield>
          </datafield>
          <datafield tag="655" ind1=" " ind2="7">
            <subfield code="a">Excerpts.</subfield>
            <subfield code="2">lcgft</subfield>
          </datafield>
          <datafield tag="655" ind1=" " ind2="7">
            <subfield code="a">Arrangements (Music)</subfield>
            <subfield code="2">lcgft</subfield>
          </datafield>
          <datafield tag="655" ind1=" " ind2="7">
            <subfield code="a">Original cast recordings.</subfield>
            <subfield code="2">lcgft</subfield>
          </datafield>
          <datafield tag="700" ind1="1" ind2=" ">
            <subfield code="a">Anderson, Nancy</subfield>
            <subfield code="c">(Actor),</subfield>
            <subfield code="e">singer.</subfield>
          </datafield>
          <datafield tag="700" ind1="1" ind2=" ">
            <subfield code="a">Hingston, Seán Martin,</subfield>
            <subfield code="d">1965-</subfield>
            <subfield code="e">singer.</subfield>
          </datafield>
          <datafield tag="700" ind1="1" ind2=" ">
            <subfield code="a">Keenan-Bolger, Celia,</subfield>
            <subfield code="e">singer.</subfield>
          </datafield>
          <datafield tag="700" ind1="1" ind2=" ">
            <subfield code="a">Kudisch, Marc,</subfield>
            <subfield code="e">singer.</subfield>
          </datafield>
          <datafield tag="700" ind1="1" ind2=" ">
            <subfield code="a">Ladnier, Douglas,</subfield>
            <subfield code="e">singer.</subfield>
          </datafield>
          <datafield tag="700" ind1="1" ind2=" ">
            <subfield code="a">Lewis, Shannon</subfield>
            <subfield code="c">(Dancer),</subfield>
            <subfield code="e">singer.</subfield>
          </datafield>
          <datafield tag="700" ind1="1" ind2=" ">
            <subfield code="a">May, Deven,</subfield>
            <subfield code="e">singer.</subfield>
          </datafield>
          <datafield tag="700" ind1="1" ind2=" ">
            <subfield code="a">Phillips, Miles,</subfield>
            <subfield code="e">singer.</subfield>
          </datafield>
          <datafield tag="700" ind1="1" ind2=" ">
            <subfield code="a">Simard, Jennifer,</subfield>
            <subfield code="e">singer.</subfield>
          </datafield>
          <datafield tag="700" ind1="1" ind2=" ">
            <subfield code="a">Skinner, Emily,</subfield>
            <subfield code="d">1970-</subfield>
            <subfield code="e">singer.</subfield>
          </datafield>
          <datafield tag="700" ind1="1" ind2=" ">
            <subfield code="a">Testa, Mary,</subfield>
            <subfield code="e">singer.</subfield>
          </datafield>
          <datafield tag="700" ind1="1" ind2=" ">
            <subfield code="a">Winther, Michael,</subfield>
            <subfield code="e">singer.</subfield>
          </datafield>
          <datafield tag="700" ind1="1" ind2=" ">
            <subfield code="a">Patterson, Ross,</subfield>
            <subfield code="e">conductor,</subfield>
            <subfield code="e">arranger of music,</subfield>
            <subfield code="e">instrumentalist.</subfield>
          </datafield>
          <datafield tag="700" ind1="1" ind2=" ">
            <subfield code="a">Siegel, Scott,</subfield>
            <subfield code="e">author,</subfield>
            <subfield code="e">speaker.</subfield>
          </datafield>
          <datafield tag="710" ind1="2" ind2=" ">
            <subfield code="a">Ross Patterson Little Big Band,</subfield>
            <subfield code="e">performer.</subfield>
          </datafield>
          <datafield tag="856" ind1="4" ind2=" ">
            <subfield code="3">View cover art</subfield>
            <subfield code="u">http://midwesttapes.com/images/movies/000/000/000/010/729/000000000010729114.gif</subfield>
          </datafield>
        </record>
      </zs:recordData>
      <zs:recordPosition>2</zs:recordPosition>
    </zs:record>