
    <zs:record>
      <zs:recordSchema/>
      <zs:recordPacking>xml</zs:recordPacking>
      <zs:recordData>
        <record xmlns="http://www.loc.gov/MARC21/slim">
          <leader>03299cjm a2200697 i 4500</leader>
          <controlfield tag="001">23373066</controlfield>
          <controlfield tag="005">20231129090922.0</controlfield>
          <controlfield tag="007">sd fsngnnmmned</controlfield>
          <controlfield tag="008">231103t20062006caumcn|  i        | eng d</controlfield>
          <datafield tag="906" ind1=" " ind2=" ">
            <subfield code="a">7</subfield>
            <subfield code="b">cbc</subfield>
            <subfield code="c">copycat</subfield>
            <subfield code="d">2</subfield>
            <subfield code="e">ncip</subfield>
            <subfield code="f">20</subfield>
            <subfield code="g">y-soundrec</subfield>
          </datafield>
          <datafield tag="925" ind1="0" ind2=" ">
            <subfield code="a">acquire</subfield>
            <subfield code="b">2 shelf copies</subfield>
            <subfield code="x">policy default</subfield>
          </datafield>
          <datafield tag="955" ind1=" " ind2=" ">
            <subfield code="a">qr27 2023-11-03 z-client</subfield>
            <subfield code="i">qr27 2023-11-03</subfield>
          </datafield>
          <datafield tag="010" ind1=" " ind2=" ">
            <subfield code="a">  2023887030</subfield>
          </datafield>
          <datafield tag="024" ind1="1" ind2=" ">
            <subfield code="a">837101154376</subfield>
          </datafield>
          <datafield tag="028" ind1="0" ind2="2">
            <subfield code="a">RNBW034</subfield>
            <subfield code="b">Bayview Recording Company</subfield>
          </datafield>
          <datafield tag="035" ind1=" " ind2=" ">
            <subfield code="a">(OCoLC)ocm79674023</subfield>
          </datafield>
          <datafield tag="040" ind1=" " ind2=" ">
            <subfield code="a">MUM</subfield>
            <subfield code="b">eng</subfield>
            <subfield code="e">rda</subfield>
            <subfield code="c">MUM</subfield>
            <subfield code="d">OCLCF</subfield>
            <subfield code="d">TXH</subfield>
            <subfield code="d">OCLCQ</subfield>
            <subfield code="d">DLC</subfield>
          </datafield>
          <datafield tag="042" ind1=" " ind2=" ">
            <subfield code="a">lccopycat</subfield>
          </datafield>
          <datafield tag="045" ind1="0" ind2=" ">
            <subfield code="b">d1935</subfield>
          </datafield>
          <datafield tag="046" ind1=" " ind2=" ">
            <subfield code="k">1935</subfield>
            <subfield code="2">edtf</subfield>
          </datafield>
          <datafield tag="050" ind1="0" ind2="0">
            <subfield code="a">SDD 71447</subfield>
          </datafield>
          <datafield tag="245" ind1="0" ind2="4">
            <subfield code="a">The Broadway musicals of 1935.</subfield>
          </datafield>
          <datafield tag="264" ind1=" " ind2="1">
            <subfield code="a">Los Angeles, CA :</subfield>
            <subfield code="b">Bayview Recording Company,</subfield>
            <subfield code="c">[2006]</subfield>
          </datafield>
          <datafield tag="264" ind1=" " ind2="4">
            <subfield code="c">℗2006</subfield>
          </datafield>
          <datafield tag="300" ind1=" " ind2=" ">
            <subfield code="a">1 audio disc ;</subfield>
            <subfield code="c">4 3/4 in.</subfield>
          </datafield>
          <datafield tag="336" ind1=" " ind2=" ">
            <subfield code="a">performed music</subfield>
            <subfield code="b">prm</subfield>
            <subfield code="2">rdacontent</subfield>
          </datafield>
          <datafield tag="337" ind1=" " ind2=" ">
            <subfield code="a">audio</subfield>
            <subfield code="b">s</subfield>
            <subfield code="2">rdamedia</subfield>
          </datafield>
          <datafield tag="338" ind1=" " ind2=" ">
            <subfield code="a">audio disc</subfield>
            <subfield code="b">sd</subfield>
            <subfield code="2">rdacarrier</subfield>
          </datafield>
          <datafield tag="344" ind1=" " ind2=" ">
            <subfield code="a">digital</subfield>
            <subfield code="2">rdatr</subfield>
          </datafield>
          <datafield tag="344" ind1=" " ind2=" ">
            <subfield code="b">optical</subfield>
            <subfield code="2">rdarm</subfield>
          </datafield>
          <datafield tag="344" ind1=" " ind2=" ">
            <subfield code="c">1.4 m/s</subfield>
          </datafield>
          <datafield tag="344" ind1=" " ind2=" ">
            <subfield code="g">stereo</subfield>
            <subfield code="2">rdacpc</subfield>
          </datafield>
          <datafield tag="347" ind1=" " ind2=" ">
            <subfield code="a">audio file</subfield>
            <subfield code="2">rdaft</subfield>
          </datafield>
          <datafield tag="347" ind1=" " ind2=" ">
            <subfield code="b">CD audio</subfield>
          </datafield>
          <datafield tag="490" ind1="0" ind2=" ">
            <subfield code="a">Town Hall presents Broadway by the year ;</subfield>
            <subfield code="v">Series four</subfield>
          </datafield>
          <datafield tag="500" ind1=" " ind2=" ">
            <subfield code="a">Bayview: RNBW034.</subfield>
          </datafield>
          <datafield tag="500" ind1=" " ind2=" ">
            <subfield code="a">Songs from musicals.</subfield>
          </datafield>
          <datafield tag="500" ind1=" " ind2=" ">
            <subfield code="a">Title from disc label.</subfield>
          </datafield>
          <datafield tag="511" ind1="0" ind2=" ">
            <subfield code="a">The Ross Patterson Little Big Band (Ross Patterson, pianist ; Don Falzone, bass ; Aaron Heick, woodwinds ; J. McGeehan, guitar, banjo, ukulele), with various vocal performers (Gretha Boston, Chuck Cooper, Darius DeHaas, Todd Murray, Douglas Sills, Emily Skinner, Lumiri Tubo, Barbara Walsh, Laure Williamson), with special guest artist, Karen Akers.</subfield>
          </datafield>
          <datafield tag="508" ind1=" " ind2=" ">
            <subfield code="a">Created, written, hosted, and produced by Scott Siegel. Ross Patterson, musical director, arranger. Peter Pinne, produced for CD.</subfield>
          </datafield>
          <datafield tag="518" ind1=" " ind2=" ">
            <subfield code="o">Recorded live</subfield>
            <subfield code="d">2004 March 15</subfield>
            <subfield code="p">Town Hall, New York.</subfield>
          </datafield>
          <datafield tag="500" ind1=" " ind2=" ">
            <subfield code="a">"This CD is an edited version of the actual concert."</subfield>
          </datafield>
          <datafield tag="500" ind1=" " ind2=" ">
            <subfield code="a">Program notes by Peter Pinne inserted in container.</subfield>
          </datafield>
          <datafield tag="505" ind1="0" ind2="0">
            <subfield code="t">I got plenty o' nuttin' --</subfield>
            <subfield code="t">I've got to get hot --</subfield>
            <subfield code="t">Over and over again --</subfield>
            <subfield code="t">Little girl blue --</subfield>
            <subfield code="t">A thief in the night --</subfield>
            <subfield code="t">Just one of those things --</subfield>
            <subfield code="t">Cigarette --</subfield>
            <subfield code="t">May I have my gloves --</subfield>
            <subfield code="t">Bess, you is my woman --</subfield>
            <subfield code="t">Summertime --</subfield>
            <subfield code="t">Let's swing it --</subfield>
            <subfield code="t">The most beautiful girl in the world --</subfield>
            <subfield code="t">Why shouldn't I --</subfield>
            <subfield code="t">The Hotentot potentate --</subfield>
            <subfield code="t">Got a bran' new suit --</subfield>
            <subfield code="t">Just once around the clock --</subfield>
            <subfield code="t">Something new is in my heart --</subfield>
            <subfield code="t">Life could be so beautiful --</subfield>
            <subfield code="t">Begin the Beguine.</subfield>
          </datafield>
          <datafield tag="650" ind1=" " ind2="0">
            <subfield code="a">Musicals</subfield>
            <subfield code="v">Excerpts.</subfield>
          </datafield>
          <datafield tag="650" ind1=" " ind2="7">
            <subfield code="a">Musicals</subfield>
            <subfield code="x">Excerpts.</subfield>
            <subfield code="2">fast</subfield>
            <subfield code="0">(OCoLC)fst01030817</subfield>
          </datafield>
          <datafield tag="655" ind1=" " ind2="7">
            <subfield code="a">Musicals.</subfield>
            <subfield code="2">lcgft</subfield>
          </datafield>
          <datafield tag="655" ind1=" " ind2="7">
            <subfield code="a">Excerpts.</subfield>
            <subfield code="2">lcgft</subfield>
          </datafield>
          <datafield tag="655" ind1=" " ind2="7">
            <subfield code="a">Live sound recordings.</subfield>
            <subfield code="2">lcgft</subfield>
          </datafield>
          <datafield tag="700" ind1="1" ind2=" ">
            <subfield code="a">Boston, Gretha,</subfield>
            <subfield code="e">singer.</subfield>
          </datafield>
          <datafield tag="700" ind1="1" ind2=" ">
            <subfield code="a">Cooper, Chuck,</subfield>
            <subfield code="d">1954-</subfield>
            <subfield code="e">singer.</subfield>
          </datafield>
          <datafield tag="700" ind1="1" ind2=" ">
            <subfield code="a">De Haas, Darius,</subfield>
            <subfield code="e">singer.</subfield>
          </datafield>
          <datafield tag="700" ind1="1" ind2=" ">
            <subfield code="a">Murray, Todd,</subfield>
            <subfield code="d">1964-</subfield>
            <subfield code="e">singer.</subfield>
          </datafield>
          <datafield tag="700" ind1="1" ind2=" ">
            <subfield code="a">Sills, Douglas,</subfield>
            <subfield code="e">singer.</subfield>
          </datafield>
          <datafield tag="700" ind1="1" ind2=" ">
            <subfield code="a">Skinner, Emily,</subfield>
            <subfield code="d">1970-</subfield>
            <subfield code="e">singer.</subfield>
          </datafield>
          <datafield tag="700" ind1="1" ind2=" ">
            <subfield code="a">Tubo, Lumiri,</subfield>
            <subfield code="e">singer.</subfield>
          </datafield>
          <datafield tag="700" ind1="1" ind2=" ">
            <subfield code="a">Walsh, Barbara,</subfield>
            <subfield code="d">1955-</subfield>
            <subfield code="e">singer.</subfield>
          </datafield>
          <datafield tag="700" ind1="1" ind2=" ">
            <subfield code="a">Akers, Karen,</subfield>
            <subfield code="e">singer.</subfield>
          </datafield>
          <datafield tag="700" ind1="1" ind2=" ">
            <subfield code="a">Patterson, Ross,</subfield>
            <subfield code="e">instrumentalist,</subfield>
            <subfield code="e">conductor.</subfield>
          </datafield>
          <datafield tag="700" ind1="1" ind2=" ">
            <subfield code="a">Siegel, Scott,</subfield>
            <subfield code="e">author,</subfield>
            <subfield code="e">speaker,</subfield>
            <subfield code="e">audio producer.</subfield>
          </datafield>
          <datafield tag="710" ind1="2" ind2=" ">
            <subfield code="a">Ross Patterson Little Big Band,</subfield>
            <subfield code="e">performer.</subfield>
          </datafield>
        </record>
      </zs:recordData>
      <zs:recordPosition>3</zs:recordPosition>
    </zs:record>