
    <zs:record>
      <zs:recordSchema/>
      <zs:recordPacking>xml</zs:recordPacking>
      <zs:recordData>
        <record xmlns="http://www.loc.gov/MARC21/slim">
          <leader>03805cjm a2200745 i 4500</leader>
          <controlfield tag="001">23412415</controlfield>
          <controlfield tag="005">20240102094950.0</controlfield>
          <controlfield tag="007">sd fsngnnmmned</controlfield>
          <controlfield tag="008">231204p20092006ctumcn|  i        | eng d</controlfield>
          <datafield tag="906" ind1=" " ind2=" ">
            <subfield code="a">7</subfield>
            <subfield code="b">cbc</subfield>
            <subfield code="c">copycat</subfield>
            <subfield code="d">2</subfield>
            <subfield code="e">ncip</subfield>
            <subfield code="f">20</subfield>
            <subfield code="g">y-soundrec</subfield>
          </datafield>
          <datafield tag="925" ind1="0" ind2=" ">
            <subfield code="a">acquire</subfield>
            <subfield code="b">2 shelf copies</subfield>
            <subfield code="x">policy default</subfield>
          </datafield>
          <datafield tag="955" ind1=" " ind2=" ">
            <subfield code="a">qr27 2023-12-04 z-client</subfield>
            <subfield code="i">qr27 2023-12-04</subfield>
          </datafield>
          <datafield tag="010" ind1=" " ind2=" ">
            <subfield code="a">  2023887189</subfield>
          </datafield>
          <datafield tag="024" ind1="1" ind2=" ">
            <subfield code="a">741117624221</subfield>
          </datafield>
          <datafield tag="028" ind1="0" ind2="2">
            <subfield code="a">OC 6242</subfield>
            <subfield code="b">Original Cast Records</subfield>
            <subfield code="q">(container)</subfield>
          </datafield>
          <datafield tag="028" ind1="0" ind2="2">
            <subfield code="a">6242</subfield>
            <subfield code="b">Original Cast Records</subfield>
            <subfield code="q">(disc label)</subfield>
          </datafield>
          <datafield tag="035" ind1=" " ind2=" ">
            <subfield code="a">(OCoLC)ocn436682978</subfield>
          </datafield>
          <datafield tag="040" ind1=" " ind2=" ">
            <subfield code="a">VVW</subfield>
            <subfield code="b">eng</subfield>
            <subfield code="e">rda</subfield>
            <subfield code="c">VVW</subfield>
            <subfield code="d">VP@</subfield>
            <subfield code="d">TEF</subfield>
            <subfield code="d">OCLCO</subfield>
            <subfield code="d">OCLCA</subfield>
            <subfield code="d">OCLCF</subfield>
            <subfield code="d">OCLCO</subfield>
            <subfield code="d">OCLCQ</subfield>
            <subfield code="d">OCLCO</subfield>
            <subfield code="d">DLC</subfield>
          </datafield>
          <datafield tag="042" ind1=" " ind2=" ">
            <subfield code="a">lccopycat</subfield>
          </datafield>
          <datafield tag="050" ind1="0" ind2="0">
            <subfield code="a">SDD 72314</subfield>
          </datafield>
          <datafield tag="082" ind1="0" ind2="4">
            <subfield code="a">782.14</subfield>
            <subfield code="2">23</subfield>
          </datafield>
          <datafield tag="245" ind1="0" ind2="4">
            <subfield code="a">The Broadway musicals of 1956.</subfield>
          </datafield>
          <datafield tag="246" ind1="3" ind2=" ">
            <subfield code="i">At head of title:</subfield>
            <subfield code="a">Town Hall Broadway by the year series presents</subfield>
          </datafield>
          <datafield tag="264" ind1=" " ind2="1">
            <subfield code="a">[Georgetown, CT] :</subfield>
            <subfield code="b">Original Cast Records,</subfield>
            <subfield code="c">[2009]</subfield>
          </datafield>
          <datafield tag="264" ind1=" " ind2="4">
            <subfield code="c">©2009</subfield>
          </datafield>
          <datafield tag="300" ind1=" " ind2=" ">
            <subfield code="a">1 audio disc :</subfield>
            <subfield code="b">digital ;</subfield>
            <subfield code="c">4 3/4 in.</subfield>
          </datafield>
          <datafield tag="336" ind1=" " ind2=" ">
            <subfield code="a">performed music</subfield>
            <subfield code="b">prm</subfield>
            <subfield code="2">rdacontent</subfield>
          </datafield>
          <datafield tag="337" ind1=" " ind2=" ">
            <subfield code="a">audio</subfield>
            <subfield code="b">s</subfield>
            <subfield code="2">rdamedia</subfield>
          </datafield>
          <datafield tag="338" ind1=" " ind2=" ">
            <subfield code="a">audio disc</subfield>
            <subfield code="b">sd</subfield>
            <subfield code="2">rdacarrier</subfield>
          </datafield>
          <datafield tag="344" ind1=" " ind2=" ">
            <subfield code="a">digital</subfield>
            <subfield code="2">rdatr</subfield>
          </datafield>
          <datafield tag="344" ind1=" " ind2=" ">
            <subfield code="b">optical</subfield>
            <subfield code="2">rdarm</subfield>
          </datafield>
          <datafield tag="344" ind1=" " ind2=" ">
            <subfield code="g">stereo</subfield>
            <subfield code="2">rdacpc</subfield>
          </datafield>
          <datafield tag="347" ind1=" " ind2=" ">
            <subfield code="a">audio file</subfield>
            <subfield code="2">rdaft</subfield>
          </datafield>
          <datafield tag="347" ind1=" " ind2=" ">
            <subfield code="b">CD audio</subfield>
          </datafield>
          <datafield tag="490" ind1="0" ind2=" ">
            <subfield code="a">The Town Hall Broadway by the year series presents ;</subfield>
            <subfield code="v">Series six</subfield>
          </datafield>
          <datafield tag="500" ind1=" " ind2=" ">
            <subfield code="a">"Original Off-Broadway cast."</subfield>
          </datafield>
          <datafield tag="500" ind1=" " ind2=" ">
            <subfield code="a">Title from disc label.</subfield>
          </datafield>
          <datafield tag="511" ind1="0" ind2=" ">
            <subfield code="a">Christine Andreas, Brent Barrett, Ashley Brown, Brandon Cutrell, John Treacy Egan, Marc Kudisch, Connie Pachl, Rachelle Rak, Devin Richards, Emily Skinner, vocalists ; Ross Patterson Little Big Band ; Ross Patterson, piano, arranger, musical director.</subfield>
          </datafield>
          <datafield tag="500" ind1=" " ind2=" ">
            <subfield code="a">Created, written and hosted by Scott Siegel.</subfield>
          </datafield>
          <datafield tag="518" ind1=" " ind2=" ">
            <subfield code="o">Recorded in live performance</subfield>
            <subfield code="d">2006 April 3</subfield>
            <subfield code="p">at the Town Hall, New York.</subfield>
          </datafield>
          <datafield tag="500" ind1=" " ind2=" ">
            <subfield code="a">"This CD is an edited version of the actual concert."</subfield>
          </datafield>
          <datafield tag="500" ind1=" " ind2=" ">
            <subfield code="a">Program notes by Peter Pinne inserted in container.</subfield>
          </datafield>
          <datafield tag="505" ind1="0" ind2="0">
            <subfield code="t">Most happy fella.</subfield>
            <subfield code="t">Standing on the corner ;</subfield>
            <subfield code="t">Somebody, somewhere --</subfield>
            <subfield code="t">Li'l Abner.</subfield>
            <subfield code="t">If I had my druthers --</subfield>
            <subfield code="t">My fair lady.</subfield>
            <subfield code="t">I've grown accustomed to her face --</subfield>
            <subfield code="t">New faces of 1956.</subfield>
            <subfield code="t">April in Fairbanks --</subfield>
            <subfield code="t">Bells are ringing.</subfield>
            <subfield code="t">I met a girl --</subfield>
            <subfield code="t">My fair lady.</subfield>
            <subfield code="t">On the street where you live ;</subfield>
            <subfield code="t">Show me --</subfield>
            <subfield code="t">Li'l Abner.</subfield>
            <subfield code="t">Past my prime --</subfield>
            <subfield code="t">Most happy fella.</subfield>
            <subfield code="t">My heart is so full of you --</subfield>
            <subfield code="t">Candide.</subfield>
            <subfield code="t">Glitter and be gay ;</subfield>
            <subfield code="t">My love --</subfield>
            <subfield code="t">Happy hunting.</subfield>
            <subfield code="t">Don't tell me --</subfield>
            <subfield code="t">Candide.</subfield>
            <subfield code="t">It must be so --</subfield>
            <subfield code="t">Mr. Wonderful.</subfield>
            <subfield code="t">Too close for comfort ;</subfield>
            <subfield code="t">Mr. Wonderful ;</subfield>
            <subfield code="t">I'm available --</subfield>
            <subfield code="t">My fair lady.</subfield>
            <subfield code="t">I could have danced all night --</subfield>
            <subfield code="t">Bells are ringing.</subfield>
            <subfield code="t">Just in time --</subfield>
            <subfield code="t">Most happy fella.</subfield>
            <subfield code="t">Joey, Joey, Joey --</subfield>
            <subfield code="t">Bells are ringing.</subfield>
            <subfield code="t">Party's over --</subfield>
            <subfield code="t">Candide.</subfield>
            <subfield code="t">Make our garden grow.</subfield>
          </datafield>
          <datafield tag="650" ind1=" " ind2="0">
            <subfield code="a">Musicals</subfield>
            <subfield code="v">Excerpts, Arranged.</subfield>
          </datafield>
          <datafield tag="650" ind1=" " ind2="0">
            <subfield code="a">Live sound recordings.</subfield>
          </datafield>
          <datafield tag="650" ind1=" " ind2="6">
            <subfield code="a">Enregistrements sonores live.</subfield>
          </datafield>
          <datafield tag="650" ind1=" " ind2="7">
            <subfield code="a">Live sound recordings.</subfield>
            <subfield code="2">fast</subfield>
            <subfield code="0">(OCoLC)fst01000613</subfield>
          </datafield>
          <datafield tag="650" ind1=" " ind2="7">
            <subfield code="a">Musicals</subfield>
            <subfield code="x">Excerpts, Arranged.</subfield>
            <subfield code="2">fast</subfield>
            <subfield code="0">(OCoLC)fst01426046</subfield>
          </datafield>
          <datafield tag="655" ind1=" " ind2="7">
            <subfield code="a">Musicals.</subfield>
            <subfield code="2">lcgft</subfield>
          </datafield>
          <datafield tag="655" ind1=" " ind2="7">
            <subfield code="a">Excerpts.</subfield>
            <subfield code="2">lcgft</subfield>
          </datafield>
          <datafield tag="655" ind1=" " ind2="7">
            <subfield code="a">Arrangements (Music)</subfield>
            <subfield code="2">lcgft</subfield>
          </datafield>
          <datafield tag="655" ind1=" " ind2="7">
            <subfield code="a">Live sound recordings.</subfield>
            <subfield code="2">lcgft</subfield>
          </datafield>
          <datafield tag="700" ind1="1" ind2=" ">
            <subfield code="a">Cutrell, Brandon,</subfield>
            <subfield code="e">singer.</subfield>
          </datafield>
          <datafield tag="700" ind1="1" ind2=" ">
            <subfield code="a">Andreas, Christine,</subfield>
            <subfield code="e">singer.</subfield>
          </datafield>
          <datafield tag="700" ind1="1" ind2=" ">
            <subfield code="a">Barrett, Brent,</subfield>
            <subfield code="e">singer.</subfield>
          </datafield>
          <datafield tag="700" ind1="1" ind2=" ">
            <subfield code="a">Brown, Ashley</subfield>
            <subfield code="c">(Singer),</subfield>
            <subfield code="e">singer.</subfield>
          </datafield>
          <datafield tag="700" ind1="1" ind2=" ">
            <subfield code="a">Egan, John Treacy,</subfield>
            <subfield code="e">singer.</subfield>
          </datafield>
          <datafield tag="700" ind1="1" ind2=" ">
            <subfield code="a">Kudisch, Marc,</subfield>
            <subfield code="e">singer.</subfield>
          </datafield>
          <datafield tag="700" ind1="1" ind2=" ">
            <subfield code="a">Pachl, Connie,</subfield>
            <subfield code="e">singer.</subfield>
          </datafield>
          <datafield tag="700" ind1="1" ind2=" ">
            <subfield code="a">Rak, Rachelle,</subfield>
            <subfield code="e">singer.</subfield>
          </datafield>
          <datafield tag="700" ind1="1" ind2=" ">
            <subfield code="a">Richards, Devin,</subfield>
            <subfield code="e">singer.</subfield>
          </datafield>
          <datafield tag="700" ind1="1" ind2=" ">
            <subfield code="a">Skinner, Emily,</subfield>
            <subfield code="d">1970-</subfield>
            <subfield code="e">singer.</subfield>
          </datafield>
          <datafield tag="700" ind1="1" ind2=" ">
            <subfield code="a">Patterson, Ross,</subfield>
            <subfield code="e">conductor,</subfield>
            <subfield code="e">arranger of music,</subfield>
            <subfield code="e">instrumentalist.</subfield>
          </datafield>
          <datafield tag="700" ind1="1" ind2=" ">
            <subfield code="a">Siegel, Scott,</subfield>
            <subfield code="e">author,</subfield>
            <subfield code="e">speaker.</subfield>
          </datafield>
          <datafield tag="710" ind1="2" ind2=" ">
            <subfield code="a">Ross Patterson Little Big Band,</subfield>
            <subfield code="e">performer.</subfield>
          </datafield>
        </record>
      </zs:recordData>
      <zs:recordPosition>5</zs:recordPosition>
    </zs:record>