
    <zs:record>
      <zs:recordSchema/>
      <zs:recordPacking>xml</zs:recordPacking>
      <zs:recordData>
        <record xmlns="http://www.loc.gov/MARC21/slim">
          <leader>03690cjm a2200673 i 4500</leader>
          <controlfield tag="001">23350223</controlfield>
          <controlfield tag="005">20231023165206.0</controlfield>
          <controlfield tag="007">sd fsngnnmmned</controlfield>
          <controlfield tag="008">231013p20062005caumcn|  i        | eng d</controlfield>
          <datafield tag="906" ind1=" " ind2=" ">
            <subfield code="a">7</subfield>
            <subfield code="b">cbc</subfield>
            <subfield code="c">copycat</subfield>
            <subfield code="d">2</subfield>
            <subfield code="e">ncip</subfield>
            <subfield code="f">20</subfield>
            <subfield code="g">y-soundrec</subfield>
          </datafield>
          <datafield tag="925" ind1="0" ind2=" ">
            <subfield code="a">acquire</subfield>
            <subfield code="b">2 shelf copies</subfield>
            <subfield code="x">policy default</subfield>
          </datafield>
          <datafield tag="955" ind1=" " ind2=" ">
            <subfield code="a">qr27 2023-10-13 z-client</subfield>
            <subfield code="i">qr27 2023-10-13</subfield>
          </datafield>
          <datafield tag="010" ind1=" " ind2=" ">
            <subfield code="a">  2023626930</subfield>
          </datafield>
          <datafield tag="024" ind1="1" ind2=" ">
            <subfield code="a">837101259712</subfield>
          </datafield>
          <datafield tag="028" ind1="0" ind2="2">
            <subfield code="a">RNBW037</subfield>
            <subfield code="b">Bayview Recording Company</subfield>
          </datafield>
          <datafield tag="033" ind1="0" ind2=" ">
            <subfield code="a">20050919</subfield>
          </datafield>
          <datafield tag="035" ind1=" " ind2=" ">
            <subfield code="a">(OCoLC)ocm79672954</subfield>
          </datafield>
          <datafield tag="040" ind1=" " ind2=" ">
            <subfield code="a">MUM</subfield>
            <subfield code="b">eng</subfield>
            <subfield code="e">rda</subfield>
            <subfield code="c">MUM</subfield>
            <subfield code="d">SINLB</subfield>
            <subfield code="d">OCLCF</subfield>
            <subfield code="d">OCLCO</subfield>
            <subfield code="d">OCLCQ</subfield>
            <subfield code="d">DLC</subfield>
          </datafield>
          <datafield tag="042" ind1=" " ind2=" ">
            <subfield code="a">lccopycat</subfield>
          </datafield>
          <datafield tag="050" ind1="0" ind2="0">
            <subfield code="a">SDD 70405</subfield>
          </datafield>
          <datafield tag="082" ind1="0" ind2="4">
            <subfield code="a">782.14</subfield>
            <subfield code="2">22</subfield>
          </datafield>
          <datafield tag="245" ind1="0" ind2="0">
            <subfield code="a">Broadway unplugged.</subfield>
            <subfield code="n">2.</subfield>
          </datafield>
          <datafield tag="246" ind1="3" ind2=" ">
            <subfield code="a">Broadway unplugged.</subfield>
            <subfield code="n">Two</subfield>
          </datafield>
          <datafield tag="246" ind1="1" ind2=" ">
            <subfield code="i">At head of title on container:</subfield>
            <subfield code="a">Scott Siegel presents</subfield>
          </datafield>
          <datafield tag="264" ind1=" " ind2="1">
            <subfield code="a">Los Angeles, Calif. :</subfield>
            <subfield code="b">Bayview Recording Company,</subfield>
            <subfield code="c">[2006]</subfield>
          </datafield>
          <datafield tag="264" ind1=" " ind2="4">
            <subfield code="c">℗2006</subfield>
          </datafield>
          <datafield tag="300" ind1=" " ind2=" ">
            <subfield code="a">1 audio disc ;</subfield>
            <subfield code="c">4 3/4 in.</subfield>
          </datafield>
          <datafield tag="336" ind1=" " ind2=" ">
            <subfield code="a">performed music</subfield>
            <subfield code="b">prm</subfield>
            <subfield code="2">rdacontent</subfield>
          </datafield>
          <datafield tag="337" ind1=" " ind2=" ">
            <subfield code="a">audio</subfield>
            <subfield code="b">s</subfield>
            <subfield code="2">rdamedia</subfield>
          </datafield>
          <datafield tag="338" ind1=" " ind2=" ">
            <subfield code="a">audio disc</subfield>
            <subfield code="b">sd</subfield>
            <subfield code="2">rdacarrier</subfield>
          </datafield>
          <datafield tag="344" ind1=" " ind2=" ">
            <subfield code="a">digital</subfield>
            <subfield code="2">rdatr</subfield>
          </datafield>
          <datafield tag="344" ind1=" " ind2=" ">
            <subfield code="b">optical</subfield>
            <subfield code="2">rdarm</subfield>
          </datafield>
          <datafield tag="344" ind1=" " ind2=" ">
            <subfield code="c">1.4 m/s</subfield>
          </datafield>
          <datafield tag="344" ind1=" " ind2=" ">
            <subfield code="g">stereo</subfield>
            <subfield code="2">rdacpc</subfield>
          </datafield>
          <datafield tag="347" ind1=" " ind2=" ">
            <subfield code="a">audio file</subfield>
            <subfield code="2">rdaft</subfield>
          </datafield>
          <datafield tag="347" ind1=" " ind2=" ">
            <subfield code="b">CD audio</subfield>
          </datafield>
          <datafield tag="500" ind1=" " ind2=" ">
            <subfield code="a">Bayview: RNBW037.</subfield>
          </datafield>
          <datafield tag="500" ind1=" " ind2=" ">
            <subfield code="a">Songs from musicals.</subfield>
          </datafield>
          <datafield tag="500" ind1=" " ind2=" ">
            <subfield code="a">Title from disc label.</subfield>
          </datafield>
          <datafield tag="511" ind1="0" ind2=" ">
            <subfield code="a">The Ross Patterson Little Big Band (Don Falzone, bass ; Gene Lewin, drums ; James Tsao, violin ; Chuck Wilson, woodwinds ; Ross Patterson, piano), produced and hosted by Scott Siegel, with various vocalists.</subfield>
          </datafield>
          <datafield tag="508" ind1=" " ind2=" ">
            <subfield code="a">Created and written by Scott Siegel; Ross Patterson, musical director, arranger.</subfield>
          </datafield>
          <datafield tag="518" ind1=" " ind2=" ">
            <subfield code="o">Recorded in performance</subfield>
            <subfield code="d">2005 September 19</subfield>
            <subfield code="p">Town Hall, New York.</subfield>
          </datafield>
          <datafield tag="500" ind1=" " ind2=" ">
            <subfield code="a">"A handful of show-stopping numbers cut in order to get this CD producted at less than eighty minutes."</subfield>
          </datafield>
          <datafield tag="500" ind1=" " ind2=" ">
            <subfield code="a">Program notes by Scott Siegel inserted in container.</subfield>
          </datafield>
          <datafield tag="505" ind1="0" ind2="0">
            <subfield code="t">South Pacific. Some enchanted evening</subfield>
            <subfield code="r">(William Michals) --</subfield>
            <subfield code="t">On a clear day you can see forever. What did I have that I don't have?</subfield>
            <subfield code="r">(Bill Daugherty) --</subfield>
            <subfield code="t">110 in the shade. Raunchy</subfield>
            <subfield code="r">(Emily Skinner) --</subfield>
            <subfield code="t">A new brain. I'd rather be sailing</subfield>
            <subfield code="r">(Norm Lewis) --</subfield>
            <subfield code="t">Chess. I know him so well</subfield>
            <subfield code="r">(Jenifer Kruskamp, Anne Steele) --</subfield>
            <subfield code="t">The Carroll vanities. I gotta right to sing the blues</subfield>
            <subfield code="r">(Mary Bond Davis) --</subfield>
            <subfield code="t">The most happy fella. Joey, Joey, Joey</subfield>
            <subfield code="r">(Cheyenne Jackson) --</subfield>
            <subfield code="t">The Wiz. Be a lion</subfield>
            <subfield code="r">(Liz Callaway) --</subfield>
            <subfield code="t">Kismet. Fate</subfield>
            <subfield code="r">(Marc Kudisch) --</subfield>
            <subfield code="t">Anne get your gun. Anything you can do</subfield>
            <subfield code="r">(Marc Kudisch, Sutton Foster) --</subfield>
            <subfield code="t">My fair lady. On the street where you live</subfield>
            <subfield code="r">(Euan Morton) --</subfield>
            <subfield code="t">Annie. It's a hard knock life</subfield>
            <subfield code="r">(Bobby Belfry, Brandon Cutrell, Peter Gonyo, Steven Ray Watkins, Lennie Watts) --</subfield>
            <subfield code="t">Company. Being alive</subfield>
            <subfield code="r">(Deven May) --</subfield>
            <subfield code="t">Street scene. Lonely house</subfield>
            <subfield code="r">(Ron Bohmer) --</subfield>
            <subfield code="t">Babes in arms. Where or when</subfield>
            <subfield code="r">(Sutton Foster) --</subfield>
            <subfield code="t">Follies. Losing my mind</subfield>
            <subfield code="r">(Barbara Walsh) --</subfield>
            <subfield code="t">Brigadoon. There but for you go I</subfield>
            <subfield code="r">(Eddie Korbich) --</subfield>
            <subfield code="t">Ragtime. Back to before</subfield>
            <subfield code="r">(Christiane Noll).</subfield>
          </datafield>
          <datafield tag="650" ind1=" " ind2="0">
            <subfield code="a">Musicals</subfield>
            <subfield code="v">Excerpts.</subfield>
          </datafield>
          <datafield tag="650" ind1=" " ind2="7">
            <subfield code="a">Musicals</subfield>
            <subfield code="x">Excerpts.</subfield>
            <subfield code="2">fast</subfield>
            <subfield code="0">(OCoLC)fst01030817</subfield>
          </datafield>
          <datafield tag="655" ind1=" " ind2="7">
            <subfield code="a">Musicals.</subfield>
            <subfield code="2">lcgft</subfield>
          </datafield>
          <datafield tag="655" ind1=" " ind2="7">
            <subfield code="a">Excerpts.</subfield>
            <subfield code="2">lcgft</subfield>
          </datafield>
          <datafield tag="655" ind1=" " ind2="7">
            <subfield code="a">Live sound recordings.</subfield>
            <subfield code="2">lcgft</subfield>
          </datafield>
          <datafield tag="700" ind1="1" ind2=" ">
            <subfield code="a">Siegel, Scott,</subfield>
            <subfield code="e">author,</subfield>
            <subfield code="e">speaker,</subfield>
            <subfield code="e">audio producer,</subfield>
            <subfield code="e">writer of supplementary textual content.</subfield>
          </datafield>
          <datafield tag="700" ind1="1" ind2=" ">
            <subfield code="a">Skinner, Emily,</subfield>
            <subfield code="d">1970-</subfield>
            <subfield code="e">singer.</subfield>
          </datafield>
          <datafield tag="700" ind1="1" ind2=" ">
            <subfield code="a">Lewis, Norm,</subfield>
            <subfield code="d">1963-</subfield>
            <subfield code="e">singer.</subfield>
          </datafield>
          <datafield tag="700" ind1="1" ind2=" ">
            <subfield code="a">Jackson, Cheyenne,</subfield>
            <subfield code="e">singer.</subfield>
          </datafield>
          <datafield tag="700" ind1="1" ind2=" ">
            <subfield code="a">Callaway, Liz,</subfield>
            <subfield code="e">singer.</subfield>
          </datafield>
          <datafield tag="700" ind1="1" ind2=" ">
            <subfield code="a">Kudisch, Marc,</subfield>
            <subfield code="e">singer.</subfield>
          </datafield>
          <datafield tag="700" ind1="1" ind2=" ">
            <subfield code="a">Foster, Sutton,</subfield>
            <subfield code="e">singer.</subfield>
          </datafield>
          <datafield tag="700" ind1="1" ind2=" ">
            <subfield code="a">Noll, Christiane,</subfield>
            <subfield code="e">singer.</subfield>
          </datafield>
          <datafield tag="710" ind1="2" ind2=" ">
            <subfield code="a">Ross Patterson Little Big Band,</subfield>
            <subfield code="e">performer.</subfield>
          </datafield>
        </record>
      </zs:recordData>
      <zs:recordPosition>6</zs:recordPosition>
    </zs:record>