
    <zs:record>
      <zs:recordSchema/>
      <zs:recordPacking>xml</zs:recordPacking>
      <zs:recordData>
        <record xmlns="http://www.loc.gov/MARC21/slim">
          <leader>04527cjm a2200601 i 4500</leader>
          <controlfield tag="001">23349504</controlfield>
          <controlfield tag="005">20231023165253.0</controlfield>
          <controlfield tag="007">sd fsngnnmmned</controlfield>
          <controlfield tag="008">231013p20102009ctumcn|  i        | eng d</controlfield>
          <datafield tag="906" ind1=" " ind2=" ">
            <subfield code="a">7</subfield>
            <subfield code="b">cbc</subfield>
            <subfield code="c">copycat</subfield>
            <subfield code="d">2</subfield>
            <subfield code="e">ncip</subfield>
            <subfield code="f">20</subfield>
            <subfield code="g">y-soundrec</subfield>
          </datafield>
          <datafield tag="925" ind1="0" ind2=" ">
            <subfield code="a">acquire</subfield>
            <subfield code="b">2 shelf copies</subfield>
            <subfield code="x">policy default</subfield>
          </datafield>
          <datafield tag="955" ind1=" " ind2=" ">
            <subfield code="a">qr27 2023-10-13 z-client</subfield>
            <subfield code="i">qr27 2023-10-13</subfield>
          </datafield>
          <datafield tag="010" ind1=" " ind2=" ">
            <subfield code="a">  2023626919</subfield>
          </datafield>
          <datafield tag="024" ind1="1" ind2=" ">
            <subfield code="a">741117678729</subfield>
          </datafield>
          <datafield tag="028" ind1="0" ind2="2">
            <subfield code="a">OC 6787</subfield>
            <subfield code="b">Original Cast Records</subfield>
          </datafield>
          <datafield tag="028" ind1="0" ind2="2">
            <subfield code="a">6787</subfield>
            <subfield code="b">Original Cast Records</subfield>
          </datafield>
          <datafield tag="035" ind1=" " ind2=" ">
            <subfield code="a">(OCoLC)ocn688621431</subfield>
          </datafield>
          <datafield tag="040" ind1=" " ind2=" ">
            <subfield code="a">UUC</subfield>
            <subfield code="b">eng</subfield>
            <subfield code="e">rda</subfield>
            <subfield code="c">UUC</subfield>
            <subfield code="d">TDF</subfield>
            <subfield code="d">TEF</subfield>
            <subfield code="d">OCLCF</subfield>
            <subfield code="d">OCLCQ</subfield>
            <subfield code="d">OCLCO</subfield>
            <subfield code="d">DLC</subfield>
          </datafield>
          <datafield tag="042" ind1=" " ind2=" ">
            <subfield code="a">lccopycat</subfield>
          </datafield>
          <datafield tag="050" ind1="0" ind2="0">
            <subfield code="a">SDD 70452</subfield>
          </datafield>
          <datafield tag="082" ind1="0" ind2="4">
            <subfield code="a">782.1/4</subfield>
            <subfield code="2">23</subfield>
          </datafield>
          <datafield tag="245" ind1="0" ind2="0">
            <subfield code="a">Broadway unplugged.</subfield>
            <subfield code="n">6.</subfield>
          </datafield>
          <datafield tag="246" ind1="3" ind2=" ">
            <subfield code="a">Broadway unplugged.</subfield>
            <subfield code="n">Six</subfield>
          </datafield>
          <datafield tag="246" ind1="1" ind2=" ">
            <subfield code="i">At head of title on container:</subfield>
            <subfield code="a">Scott Siegel presents</subfield>
          </datafield>
          <datafield tag="264" ind1=" " ind2="1">
            <subfield code="a">[Georgetown, CT] :</subfield>
            <subfield code="b">Original Cast Records,</subfield>
            <subfield code="c">[2010]</subfield>
          </datafield>
          <datafield tag="264" ind1=" " ind2="4">
            <subfield code="c">℗2010</subfield>
          </datafield>
          <datafield tag="300" ind1=" " ind2=" ">
            <subfield code="a">1 audio disc :</subfield>
            <subfield code="b">digital ;</subfield>
            <subfield code="c">4 3/4 in.</subfield>
          </datafield>
          <datafield tag="336" ind1=" " ind2=" ">
            <subfield code="a">performed music</subfield>
            <subfield code="b">prm</subfield>
            <subfield code="2">rdacontent</subfield>
          </datafield>
          <datafield tag="337" ind1=" " ind2=" ">
            <subfield code="a">audio</subfield>
            <subfield code="b">s</subfield>
            <subfield code="2">rdamedia</subfield>
          </datafield>
          <datafield tag="338" ind1=" " ind2=" ">
            <subfield code="a">audio disc</subfield>
            <subfield code="b">sd</subfield>
            <subfield code="2">rdacarrier</subfield>
          </datafield>
          <datafield tag="344" ind1=" " ind2=" ">
            <subfield code="a">digital</subfield>
            <subfield code="2">rdatr</subfield>
          </datafield>
          <datafield tag="344" ind1=" " ind2=" ">
            <subfield code="b">optical</subfield>
            <subfield code="2">rdarm</subfield>
          </datafield>
          <datafield tag="344" ind1=" " ind2=" ">
            <subfield code="g">stereo</subfield>
            <subfield code="2">rdacpc</subfield>
          </datafield>
          <datafield tag="347" ind1=" " ind2=" ">
            <subfield code="a">audio file</subfield>
            <subfield code="2">rdaft</subfield>
          </datafield>
          <datafield tag="347" ind1=" " ind2=" ">
            <subfield code="b">CD audio</subfield>
          </datafield>
          <datafield tag="500" ind1=" " ind2=" ">
            <subfield code="a">Songs from musicals; original Off-Broadway cast recording.</subfield>
          </datafield>
          <datafield tag="500" ind1=" " ind2=" ">
            <subfield code="a">Title from disc label.</subfield>
          </datafield>
          <datafield tag="511" ind1="0" ind2=" ">
            <subfield code="a">Various vocalists (Bill Daugherty, David Brian Colbert, Jeffrey Denman, John Easterlin, Kelsey Fowler, Lisa Howard, Marc Kudisch, Sarah Jane McMahon, Janet Metz, William Michals, Manu Narayan, Jill Paice, Daniel Reichard, Emily Skinner, Terri White) ; the Ross Patterson Little Big Band (Ross Patterson, piano ; Joe Dennison, violin ; Randy Landau, bass), hosted by Scott Siegel.</subfield>
          </datafield>
          <datafield tag="508" ind1=" " ind2=" ">
            <subfield code="a">Produced by Scott Siegel. Ross Patterson, musical director. Produced for CD by Peter Pinne.</subfield>
          </datafield>
          <datafield tag="518" ind1=" " ind2=" ">
            <subfield code="o">Recorded live</subfield>
            <subfield code="d">2009 November 16</subfield>
            <subfield code="p">The Town Hall, NYC.</subfield>
          </datafield>
          <datafield tag="520" ind1=" " ind2=" ">
            <subfield code="a">Live recording of the off-Broadway show, sung with no mikes except for recording purposes.</subfield>
          </datafield>
          <datafield tag="500" ind1=" " ind2=" ">
            <subfield code="a">Program notes by Rob Lester inserted in container.</subfield>
          </datafield>
          <datafield tag="505" ind1="0" ind2=" ">
            <subfield code="a">Man of La Mancha (Man of La Mancha) (William Michals, Bill Daugherty) (3:29) -- The impossible dream (Man of La Mancha) (William Michals) (2:35) -- Linking intro (0:18) -- Something's coming (West side story) (Daniel Reichard) (2:37) -- Linking intro (0:15) -- The other side of the tracks (Little me) (Lisa Howard) (2:47) -- Linking intro (0:25) -- Joey, Joey, Joey (The most happy fella) (Manu Marayan) (3:34) -- Tell me on a Sunday (Song and dance) (Janet Metz) (5:04) -- What kind of fool am I (Stop the world, I want to get off) (David Brian Colbert) (3:15) -- Not a day goes by (Merrily we roll along) (Jill Paice) (2:33) -- Linking intro (0:35) -- Distant melody (Peter Pan) (Emily Skinner) (2:01) -- Linking intro (0:22) -- My heart is so full of you (The most happy fella) (Marc Kudisch, Sarah Jane McMahon) (2:51) -- Linking intro (0:25) -- Dein ist mein ganzes Herz = You are my heart's delight (John Easterlin) (4:27) -- Linking intro (0:15) -- Tomorrow (Annie) (Kelsey Fowler) (2:47) -- Linking intro (0:21) -- Have yourself a merry little Christmas (Meet me in St. Louis) (3:50) -- Linking intro (0:18) -- The light in the piazza (The light in the piazza) (Sarah Jane McMahon) (3:21) -- Linking intro (0:18) -- When you're good to mama (Chicago) (Emily Skinner) (3:11) -- Linking intro (0:24) -- Come to me, bend to me (Brigadoon) (Daniel Richard) (2:55) -- Linking intro (0:21) -- Let things be like they always was (Street scene) (Marc Kudisch) (2:58) -- Linking intro (0:19) -- Could you use me ; Shall we dance (Crazy for you) (Jeffrey Denman, Jill Paice) (4:43) -- Linking intro (0:28) -- Brother, can you spare a dime (Americana) (Bill Daugherty) (3:34) -- Linking intro (0:11) -- Mama a rainbow (Minnie's boys) (Terri White) (2:39) -- Linking intro (0:13) -- Deep in my heart (The student prince) (Sarah Jane McMahon, John Easterlin) (3:33) -- Linking intro (0:26) -- What I did for love (A chorus line) (Janet Metz and Company) (3:52).</subfield>
          </datafield>
          <datafield tag="650" ind1=" " ind2="0">
            <subfield code="a">Musicals</subfield>
            <subfield code="v">Excerpts.</subfield>
          </datafield>
          <datafield tag="655" ind1=" " ind2="7">
            <subfield code="a">Musicals.</subfield>
            <subfield code="2">lcgft</subfield>
          </datafield>
          <datafield tag="655" ind1=" " ind2="7">
            <subfield code="a">Excerpts.</subfield>
            <subfield code="2">lcgft</subfield>
          </datafield>
          <datafield tag="655" ind1=" " ind2="7">
            <subfield code="a">Original cast recordings.</subfield>
            <subfield code="2">lcgft</subfield>
          </datafield>
          <datafield tag="655" ind1=" " ind2="7">
            <subfield code="a">Live sound recordings.</subfield>
            <subfield code="2">lcgft</subfield>
          </datafield>
          <datafield tag="700" ind1="1" ind2=" ">
            <subfield code="a">Siegel, Scott,</subfield>
            <subfield code="e">author,</subfield>
            <subfield code="e">speaker,</subfield>
            <subfield code="e">producer.</subfield>
          </datafield>
          <datafield tag="700" ind1="1" ind2=" ">
            <subfield code="a">Howard, Lisa</subfield>
            <subfield code="c">(Singer),</subfield>
            <subfield code="e">singer.</subfield>
          </datafield>
          <datafield tag="700" ind1="1" ind2=" ">
            <subfield code="a">Kudisch, Marc,</subfield>
            <subfield code="e">singer.</subfield>
          </datafield>
          <datafield tag="700" ind1="1" ind2=" ">
            <subfield code="a">Skinner, Emily,</subfield>
            <subfield code="d">1970-</subfield>
            <subfield code="e">singer.</subfield>
          </datafield>
          <datafield tag="710" ind1="2" ind2=" ">
            <subfield code="a">Ross Patterson Little Big Band,</subfield>
            <subfield code="e">performer.</subfield>
          </datafield>
        </record>
      </zs:recordData>
      <zs:recordPosition>8</zs:recordPosition>
    </zs:record>