
    <zs:record>
      <zs:recordSchema/>
      <zs:recordPacking>xml</zs:recordPacking>
      <zs:recordData>
        <record xmlns="http://www.loc.gov/MARC21/slim">
          <leader>03674cjm a2200649 i 4500</leader>
          <controlfield tag="001">21333116</controlfield>
          <controlfield tag="005">20191212165112.0</controlfield>
          <controlfield tag="007">sd fsngnnmmned</controlfield>
          <controlfield tag="008">191211s2006    caumun|           | eng d</controlfield>
          <datafield tag="906" ind1=" " ind2=" ">
            <subfield code="a">7</subfield>
            <subfield code="b">cbc</subfield>
            <subfield code="c">copycat</subfield>
            <subfield code="d">2</subfield>
            <subfield code="e">ncip</subfield>
            <subfield code="f">20</subfield>
            <subfield code="g">y-soundrec</subfield>
          </datafield>
          <datafield tag="925" ind1="0" ind2=" ">
            <subfield code="a">acquire</subfield>
            <subfield code="b">2 shelf copies</subfield>
            <subfield code="x">policy default</subfield>
          </datafield>
          <datafield tag="955" ind1=" " ind2=" ">
            <subfield code="a">qr27 2019-12-11 z-client</subfield>
            <subfield code="i">qr27 2019-12-11</subfield>
          </datafield>
          <datafield tag="010" ind1=" " ind2=" ">
            <subfield code="a">  2019656417</subfield>
          </datafield>
          <datafield tag="024" ind1="1" ind2=" ">
            <subfield code="a">852752001107</subfield>
          </datafield>
          <datafield tag="028" ind1="0" ind2="2">
            <subfield code="a">KR 20011-0</subfield>
            <subfield code="b">Kritzerland</subfield>
          </datafield>
          <datafield tag="035" ind1=" " ind2=" ">
            <subfield code="a">(OCoLC)ocn862784091</subfield>
          </datafield>
          <datafield tag="040" ind1=" " ind2=" ">
            <subfield code="a">EYM</subfield>
            <subfield code="b">eng</subfield>
            <subfield code="e">rda</subfield>
            <subfield code="c">EYM</subfield>
            <subfield code="d">OCLCO</subfield>
            <subfield code="d">OCLCF</subfield>
            <subfield code="d">OCLCQ</subfield>
            <subfield code="e">rda</subfield>
            <subfield code="d">ZMS</subfield>
            <subfield code="d">OCL</subfield>
            <subfield code="d">DLC</subfield>
          </datafield>
          <datafield tag="042" ind1=" " ind2=" ">
            <subfield code="a">lccopycat</subfield>
          </datafield>
          <datafield tag="043" ind1=" " ind2=" ">
            <subfield code="a">n-us---</subfield>
          </datafield>
          <datafield tag="047" ind1=" " ind2=" ">
            <subfield code="a">mc</subfield>
            <subfield code="a">pp</subfield>
          </datafield>
          <datafield tag="050" ind1="0" ind2="0">
            <subfield code="a">SDD 31388</subfield>
          </datafield>
          <datafield tag="245" ind1="0" ind2="0">
            <subfield code="a">Raw at Town Hall /</subfield>
            <subfield code="c">[performed by Emily] Skinner/Ripley.</subfield>
          </datafield>
          <datafield tag="264" ind1=" " ind2="1">
            <subfield code="a">Valley Village, CA :</subfield>
            <subfield code="b">Kritzerland,</subfield>
            <subfield code="c">[2006]</subfield>
          </datafield>
          <datafield tag="264" ind1=" " ind2="1">
            <subfield code="c">℗2006</subfield>
          </datafield>
          <datafield tag="300" ind1=" " ind2=" ">
            <subfield code="a">2 audio discs :</subfield>
            <subfield code="b">digital ;</subfield>
            <subfield code="c">4 3/4 in.</subfield>
          </datafield>
          <datafield tag="336" ind1=" " ind2=" ">
            <subfield code="a">performed music</subfield>
            <subfield code="b">prm</subfield>
            <subfield code="2">rdacontent</subfield>
          </datafield>
          <datafield tag="337" ind1=" " ind2=" ">
            <subfield code="a">audio</subfield>
            <subfield code="b">s</subfield>
            <subfield code="2">rdamedia</subfield>
          </datafield>
          <datafield tag="338" ind1=" " ind2=" ">
            <subfield code="a">audio disc</subfield>
            <subfield code="b">sd</subfield>
            <subfield code="2">rdacarrier</subfield>
          </datafield>
          <datafield tag="344" ind1=" " ind2=" ">
            <subfield code="a">digital</subfield>
            <subfield code="2">rdatr</subfield>
          </datafield>
          <datafield tag="344" ind1=" " ind2=" ">
            <subfield code="b">optical</subfield>
            <subfield code="2">rdarm</subfield>
          </datafield>
          <datafield tag="344" ind1=" " ind2=" ">
            <subfield code="g">stereo</subfield>
            <subfield code="2">rdacpc</subfield>
          </datafield>
          <datafield tag="347" ind1=" " ind2=" ">
            <subfield code="a">audio file</subfield>
            <subfield code="2">rdaft</subfield>
          </datafield>
          <datafield tag="347" ind1=" " ind2=" ">
            <subfield code="b">CD audio</subfield>
          </datafield>
          <datafield tag="500" ind1=" " ind2=" ">
            <subfield code="a">Principally songs from musicals.</subfield>
          </datafield>
          <datafield tag="500" ind1=" " ind2=" ">
            <subfield code="a">Arr. by Bruce Kimmel and Todd Ellison, orchestrated by David Siegel (1st-2nd, 7th, 10th, and 15th-17th works).</subfield>
          </datafield>
          <datafield tag="511" ind1="0" ind2=" ">
            <subfield code="a">Emily Skinner, Alice Ripley, vocals ; Ross Patterson, Tom Kitt (6th work), piano ; Randy Landau, bass ; Shannon Ford, drums ; Jack Bashkow, reeds.</subfield>
          </datafield>
          <datafield tag="508" ind1=" " ind2=" ">
            <subfield code="a">Album produced by Bruce Kimmel; Danny Lawrence, engineer; Mike Russi, assistant engineer; mixed by Vincent Cirilli; mastered by James Nelson, Digital Outland.</subfield>
          </datafield>
          <datafield tag="518" ind1=" " ind2=" ">
            <subfield code="o">Recorded live</subfield>
            <subfield code="p">Town Hall, New York City,</subfield>
            <subfield code="d">2006 October 21.</subfield>
          </datafield>
          <datafield tag="500" ind1=" " ind2=" ">
            <subfield code="a">Title from disc label.</subfield>
          </datafield>
          <datafield tag="505" ind1="0" ind2=" ">
            <subfield code="a">Two's company : from The magic show / Stephen Schwartz -- Little me : from Little me / Coleman, Leigh -- I'd rather wake up by myself : from By the beautiful sea / Schwartz, Fields -- Cigarette dream/The last smoker in America : from Little fish/The last smoker in America / Michael John LaChiusa, Bill Russell, Peter Melnick -- Sleepy man / Waldman, Uhry -- I miss the mountains : from Feeling electric / Tom Kitt, Brian Yorkey -- Every day a little death : from A little night music / Stephen Sondheim -- No one is alone : from Into the woods / Stephen Sondheim -- Broadway baby : from Follies / Stephen Sondheim -- Sisters/Ohio : from White Christmas/Wonderful town / Irving Berlin, Bernstein, Comden and Green -- Trouble / Leiber and Stoller -- Poor unfortunate souls : from The little mermaid / Menken/Ashman -- You have to be there : from Kristina / Andersson and Ulvaeus, Kretzmer -- Come up and see me some time / A. Swanstrom, L. Alter -- Past my prime : from Li'l Abner / Mercer, de Paul -- Lazy afternoon : from The golden apple / Moross, Latouche -- She's gone ; Who will love me as I am? ; I will never leave you : from Side show / Russell, Krieger.</subfield>
          </datafield>
          <datafield tag="650" ind1=" " ind2="0">
            <subfield code="a">Musicals</subfield>
            <subfield code="v">Excerpts.</subfield>
          </datafield>
          <datafield tag="650" ind1=" " ind2="0">
            <subfield code="a">Popular music</subfield>
            <subfield code="z">United States.</subfield>
          </datafield>
          <datafield tag="650" ind1=" " ind2="7">
            <subfield code="a">Musicals</subfield>
            <subfield code="x">Excerpts.</subfield>
            <subfield code="2">fast</subfield>
            <subfield code="0">(OCoLC)fst01030817</subfield>
          </datafield>
          <datafield tag="650" ind1=" " ind2="7">
            <subfield code="a">Popular music.</subfield>
            <subfield code="2">fast</subfield>
            <subfield code="0">(OCoLC)fst01071422</subfield>
          </datafield>
          <datafield tag="651" ind1=" " ind2="7">
            <subfield code="a">United States.</subfield>
            <subfield code="2">fast</subfield>
            <subfield code="0">(OCoLC)fst01204155</subfield>
          </datafield>
          <datafield tag="655" ind1=" " ind2="7">
            <subfield code="a">Live sound recordings.</subfield>
            <subfield code="2">fast</subfield>
            <subfield code="0">(OCoLC)fst01726308</subfield>
          </datafield>
          <datafield tag="655" ind1=" " ind2="7">
            <subfield code="a">Live sound recordings.</subfield>
            <subfield code="2">lcgft</subfield>
          </datafield>
          <datafield tag="700" ind1="1" ind2=" ">
            <subfield code="a">Skinner, Emily,</subfield>
            <subfield code="d">1970-</subfield>
            <subfield code="4">sng</subfield>
          </datafield>
          <datafield tag="700" ind1="1" ind2=" ">
            <subfield code="a">Ripley, Alice.</subfield>
            <subfield code="4">sng</subfield>
          </datafield>
          <datafield tag="700" ind1="1" ind2=" ">
            <subfield code="a">Kimmel, Bruce.</subfield>
            <subfield code="4">arr</subfield>
          </datafield>
          <datafield tag="700" ind1="1" ind2=" ">
            <subfield code="a">Ellison, Todd.</subfield>
            <subfield code="4">arr</subfield>
          </datafield>
          <datafield tag="700" ind1="1" ind2=" ">
            <subfield code="a">Siegel, David,</subfield>
            <subfield code="d">1973-</subfield>
            <subfield code="4">arr</subfield>
          </datafield>
          <datafield tag="700" ind1="1" ind2=" ">
            <subfield code="a">Patterson, Ross.</subfield>
            <subfield code="4">itr</subfield>
          </datafield>
          <datafield tag="700" ind1="1" ind2=" ">
            <subfield code="a">Kitt, Tom.</subfield>
            <subfield code="4">itr</subfield>
          </datafield>
          <datafield tag="700" ind1="1" ind2=" ">
            <subfield code="a">Landau, Randy.</subfield>
            <subfield code="4">itr</subfield>
          </datafield>
          <datafield tag="700" ind1="1" ind2=" ">
            <subfield code="a">Ford, Shannon.</subfield>
            <subfield code="4">itr</subfield>
          </datafield>
          <datafield tag="700" ind1="1" ind2=" ">
            <subfield code="a">Bashkow, Jack.</subfield>
            <subfield code="4">itr</subfield>
          </datafield>
        </record>
      </zs:recordData>
      <zs:recordPosition>9</zs:recordPosition>
    </zs:record>