
    <zs:record>
      <zs:recordSchema/>
      <zs:recordPacking>xml</zs:recordPacking>
      <zs:recordData>
        <record xmlns="http://www.loc.gov/MARC21/slim">
          <leader>03438cjm a2200673 i 4500</leader>
          <controlfield tag="001">23579748</controlfield>
          <controlfield tag="005">20240226165654.0</controlfield>
          <controlfield tag="007">sd fsngnnmmned</controlfield>
          <controlfield tag="008">240226t20032003nyumcn|  iz       | eng d</controlfield>
          <datafield tag="906" ind1=" " ind2=" ">
            <subfield code="a">7</subfield>
            <subfield code="b">cbc</subfield>
            <subfield code="c">copycat</subfield>
            <subfield code="d">2</subfield>
            <subfield code="e">ncip</subfield>
            <subfield code="f">20</subfield>
            <subfield code="g">y-soundrec</subfield>
          </datafield>
          <datafield tag="925" ind1="0" ind2=" ">
            <subfield code="a">acquire</subfield>
            <subfield code="b">2 shelf copies</subfield>
            <subfield code="x">policy default</subfield>
          </datafield>
          <datafield tag="955" ind1=" " ind2=" ">
            <subfield code="a">qr27 2024-02-26 z-client</subfield>
            <subfield code="i">qr27 2024-02-26</subfield>
          </datafield>
          <datafield tag="010" ind1=" " ind2=" ">
            <subfield code="a">  2024617273</subfield>
          </datafield>
          <datafield tag="024" ind1="1" ind2=" ">
            <subfield code="a">803607031329</subfield>
          </datafield>
          <datafield tag="028" ind1="0" ind2="2">
            <subfield code="a">PS-313</subfield>
            <subfield code="b">PS Classics</subfield>
          </datafield>
          <datafield tag="033" ind1="0" ind2="0">
            <subfield code="a">20030401</subfield>
            <subfield code="b">3804</subfield>
            <subfield code="c">N4</subfield>
          </datafield>
          <datafield tag="035" ind1=" " ind2=" ">
            <subfield code="a">(OCoLC)ocm54387281</subfield>
          </datafield>
          <datafield tag="040" ind1=" " ind2=" ">
            <subfield code="a">IMD</subfield>
            <subfield code="b">eng</subfield>
            <subfield code="e">rda</subfield>
            <subfield code="c">IMD</subfield>
            <subfield code="d">JED</subfield>
            <subfield code="d">CPL</subfield>
            <subfield code="d">OCLCG</subfield>
            <subfield code="d">YUS</subfield>
            <subfield code="d">HALAN</subfield>
            <subfield code="d">OCLCF</subfield>
            <subfield code="d">OCLCO</subfield>
            <subfield code="d">FWR</subfield>
            <subfield code="d">OCLCQ</subfield>
            <subfield code="d">ELW</subfield>
            <subfield code="d">OCLCO</subfield>
            <subfield code="d">OCL</subfield>
            <subfield code="d">TJC</subfield>
            <subfield code="d">OCLCQ</subfield>
            <subfield code="d">OCLCA</subfield>
            <subfield code="d">TJCBL</subfield>
            <subfield code="d">OCLCQ</subfield>
            <subfield code="d">JTB</subfield>
            <subfield code="d">OCLCO</subfield>
            <subfield code="d">OCLCQ</subfield>
            <subfield code="d">OCLCL</subfield>
            <subfield code="d">DLC</subfield>
          </datafield>
          <datafield tag="042" ind1=" " ind2=" ">
            <subfield code="a">lccopycat</subfield>
          </datafield>
          <datafield tag="050" ind1="0" ind2="0">
            <subfield code="a">SDD 73513</subfield>
          </datafield>
          <datafield tag="055" ind1="1" ind2="3">
            <subfield code="a">M1500.G6645</subfield>
            <subfield code="b">M9 CD</subfield>
          </datafield>
          <datafield tag="082" ind1="1" ind2="4">
            <subfield code="a">782.14</subfield>
          </datafield>
          <datafield tag="100" ind1="1" ind2=" ">
            <subfield code="a">Gordon, Ricky Ian,</subfield>
            <subfield code="e">composer,</subfield>
            <subfield code="e">lyricist.</subfield>
          </datafield>
          <datafield tag="245" ind1="1" ind2="0">
            <subfield code="a">My life with Albertine :</subfield>
            <subfield code="b">world premiere recording /</subfield>
            <subfield code="c">book &amp; lyrics by Richard Nelson ; music &amp; lyrics by Ricky Ian Gordon ; [based on the "Albertine" sections of Remembrance of things past by Marcel Proust].</subfield>
          </datafield>
          <datafield tag="264" ind1=" " ind2="1">
            <subfield code="a">Bronxville, NY :</subfield>
            <subfield code="b">PS Classics,</subfield>
            <subfield code="c">[2003]</subfield>
          </datafield>
          <datafield tag="264" ind1=" " ind2="4">
            <subfield code="c">℗2003</subfield>
          </datafield>
          <datafield tag="300" ind1=" " ind2=" ">
            <subfield code="a">1 audio disc (64 min.) ;</subfield>
            <subfield code="c">4 3/4 in.</subfield>
          </datafield>
          <datafield tag="306" ind1=" " ind2=" ">
            <subfield code="a">010400</subfield>
          </datafield>
          <datafield tag="336" ind1=" " ind2=" ">
            <subfield code="a">performed music</subfield>
            <subfield code="b">prm</subfield>
            <subfield code="2">rdacontent</subfield>
          </datafield>
          <datafield tag="337" ind1=" " ind2=" ">
            <subfield code="a">audio</subfield>
            <subfield code="b">s</subfield>
            <subfield code="2">rdamedia</subfield>
          </datafield>
          <datafield tag="338" ind1=" " ind2=" ">
            <subfield code="a">audio disc</subfield>
            <subfield code="b">sd</subfield>
            <subfield code="2">rdacarrier</subfield>
          </datafield>
          <datafield tag="344" ind1=" " ind2=" ">
            <subfield code="a">digital</subfield>
            <subfield code="2">rdatr</subfield>
          </datafield>
          <datafield tag="344" ind1=" " ind2=" ">
            <subfield code="b">optical</subfield>
            <subfield code="2">rdarm</subfield>
          </datafield>
          <datafield tag="344" ind1=" " ind2=" ">
            <subfield code="c">1.4 m/s</subfield>
          </datafield>
          <datafield tag="344" ind1=" " ind2=" ">
            <subfield code="g">stereo</subfield>
            <subfield code="2">rdacpc</subfield>
          </datafield>
          <datafield tag="347" ind1=" " ind2=" ">
            <subfield code="a">audio file</subfield>
            <subfield code="2">rdaft</subfield>
          </datafield>
          <datafield tag="347" ind1=" " ind2=" ">
            <subfield code="b">CD audio</subfield>
          </datafield>
          <datafield tag="500" ind1=" " ind2=" ">
            <subfield code="a">Title from disc label.</subfield>
          </datafield>
          <datafield tag="511" ind1="0" ind2=" ">
            <subfield code="a">Brent Carver, Chad Kimball, Kelli O'Hara, Donna Lynne Champlin, Emily Skinner, with supporting performers ; instrumental ensemble ; Charles Prince, conductor.</subfield>
          </datafield>
          <datafield tag="508" ind1=" " ind2=" ">
            <subfield code="a">Produced by Tommy Krasker; executive producer, Philip Chaffin.</subfield>
          </datafield>
          <datafield tag="518" ind1=" " ind2=" ">
            <subfield code="o">Recorded</subfield>
            <subfield code="d">2003 April 1</subfield>
            <subfield code="p">at Avatar Studios, New York City.</subfield>
          </datafield>
          <datafield tag="500" ind1=" " ind2=" ">
            <subfield code="a">Interview with the composer and librettist by Tim Sanford and synopsis (16 unnumbered pages : illustrations) inserted in container.</subfield>
          </datafield>
          <datafield tag="505" ind1="0" ind2="0">
            <subfield code="t">Is it too late? --</subfield>
            <subfield code="t">Balbec-by-the-Sea --</subfield>
            <subfield code="t">Lullaby --</subfield>
            <subfield code="t">Ferret song --</subfield>
            <subfield code="t">My soul weeps --</subfield>
            <subfield code="t">Talk about the weather --</subfield>
            <subfield code="t">The different Albertines --</subfield>
            <subfield code="t">Sad Balbec --</subfield>
            <subfield code="t">My soul weeps (tango) --</subfield>
            <subfield code="t">But what I say --</subfield>
            <subfield code="t">Song of solitude --</subfield>
            <subfield code="t">I want you --</subfield>
            <subfield code="t">I need me a girl --</subfield>
            <subfield code="t">But what I say (reprise) --</subfield>
            <subfield code="t">Sometimes --</subfield>
            <subfield code="t">The street --</subfield>
            <subfield code="t">The letters --</subfield>
            <subfield code="t">Albertine's last letter --</subfield>
            <subfield code="t">If it is true.</subfield>
          </datafield>
          <datafield tag="650" ind1=" " ind2="0">
            <subfield code="a">Musicals.</subfield>
          </datafield>
          <datafield tag="650" ind1=" " ind2="7">
            <subfield code="a">Musicals.</subfield>
            <subfield code="2">fast</subfield>
            <subfield code="0">(OCoLC)fst01030814</subfield>
          </datafield>
          <datafield tag="655" ind1=" " ind2="7">
            <subfield code="a">Musicals.</subfield>
            <subfield code="2">fast</subfield>
            <subfield code="0">(OCoLC)fst01726680</subfield>
          </datafield>
          <datafield tag="655" ind1=" " ind2="7">
            <subfield code="a">Musicals.</subfield>
            <subfield code="2">lcgft</subfield>
          </datafield>
          <datafield tag="655" ind1=" " ind2="7">
            <subfield code="a">Interviews.</subfield>
            <subfield code="2">lcgft</subfield>
          </datafield>
          <datafield tag="655" ind1=" " ind2="7">
            <subfield code="a">Comédies musicales.</subfield>
            <subfield code="2">rvmgf</subfield>
          </datafield>
          <datafield tag="700" ind1="1" ind2=" ">
            <subfield code="a">Nelson, Richard,</subfield>
            <subfield code="d">1950-</subfield>
            <subfield code="e">librettist,</subfield>
            <subfield code="e">lyricist,</subfield>
            <subfield code="e">interviewee.</subfield>
            <subfield code="1">https://id.oclc.org/worldcat/entity/E39PBJyhfYfBdg6dtVPmG983cP</subfield>
          </datafield>
          <datafield tag="700" ind1="1" ind2=" ">
            <subfield code="a">Carver, Brent,</subfield>
            <subfield code="e">singer.</subfield>
          </datafield>
          <datafield tag="700" ind1="1" ind2=" ">
            <subfield code="a">Kimball, Chad,</subfield>
            <subfield code="e">singer.</subfield>
          </datafield>
          <datafield tag="700" ind1="1" ind2=" ">
            <subfield code="a">O'Hara, Kelli,</subfield>
            <subfield code="e">singer.</subfield>
          </datafield>
          <datafield tag="700" ind1="1" ind2=" ">
            <subfield code="a">Champlin, Donna Lynne,</subfield>
            <subfield code="e">singer.</subfield>
          </datafield>
          <datafield tag="700" ind1="1" ind2=" ">
            <subfield code="a">Skinner, Emily,</subfield>
            <subfield code="d">1970-</subfield>
            <subfield code="e">singer.</subfield>
          </datafield>
          <datafield tag="700" ind1="1" ind2=" ">
            <subfield code="a">Prince, Charles</subfield>
            <subfield code="c">(Conductor),</subfield>
            <subfield code="e">conductor.</subfield>
          </datafield>
          <datafield tag="700" ind1="1" ind2=" ">
            <subfield code="i">Musical theatre adaptation of (work):</subfield>
            <subfield code="a">Proust, Marcel,</subfield>
            <subfield code="d">1871-1922.</subfield>
            <subfield code="t">Albertine disparue.</subfield>
          </datafield>
          <datafield tag="710" ind1="2" ind2=" ">
            <subfield code="a">Playwrights Horizons (Theater : New York, N.Y.),</subfield>
            <subfield code="e">production company.</subfield>
          </datafield>
          <datafield tag="758" ind1=" " ind2=" ">
            <subfield code="i">has work:</subfield>
            <subfield code="a">My life with Albertine (Music)</subfield>
            <subfield code="1">https://id.oclc.org/worldcat/entity/E39PCGrMRtVbRB7BpRFxMfvhtq</subfield>
            <subfield code="4">https://id.oclc.org/worldcat/ontology/hasWork</subfield>
          </datafield>
        </record>
      </zs:recordData>
      <zs:recordPosition>10</zs:recordPosition>
    </zs:record>