
    <zs:record>
      <zs:recordSchema/>
      <zs:recordPacking>xml</zs:recordPacking>
      <zs:recordData>
        <record xmlns="http://www.loc.gov/MARC21/slim">
          <leader>02353cjm a2200457 a 4500</leader>
          <controlfield tag="001">17371352</controlfield>
          <controlfield tag="005">20130607141408.0</controlfield>
          <controlfield tag="007">sd fsngnnmmned</controlfield>
          <controlfield tag="008">120702s1997    nyumcn|  di       | eng d</controlfield>
          <datafield tag="906" ind1=" " ind2=" ">
            <subfield code="a">7</subfield>
            <subfield code="b">cbc</subfield>
            <subfield code="c">copycat</subfield>
            <subfield code="d">2</subfield>
            <subfield code="e">ncip</subfield>
            <subfield code="f">20</subfield>
            <subfield code="g">y-soundrec</subfield>
          </datafield>
          <datafield tag="925" ind1="0" ind2=" ">
            <subfield code="a">acquire</subfield>
            <subfield code="b">2 shelf copies</subfield>
            <subfield code="x">policy default</subfield>
          </datafield>
          <datafield tag="955" ind1=" " ind2=" ">
            <subfield code="a">qr27 2012-07-02 z-client</subfield>
            <subfield code="i">qr27 2012-07-02</subfield>
          </datafield>
          <datafield tag="010" ind1=" " ind2=" ">
            <subfield code="a">  2012620779</subfield>
          </datafield>
          <datafield tag="024" ind1="1" ind2=" ">
            <subfield code="a">074646025826</subfield>
          </datafield>
          <datafield tag="028" ind1="0" ind2="2">
            <subfield code="a">SK 60258</subfield>
            <subfield code="b">Columbia</subfield>
          </datafield>
          <datafield tag="033" ind1="0" ind2=" ">
            <subfield code="a">19971103</subfield>
            <subfield code="b">3804</subfield>
            <subfield code="c">N4</subfield>
          </datafield>
          <datafield tag="035" ind1=" " ind2=" ">
            <subfield code="a">(OCoLC)ocm38489206</subfield>
          </datafield>
          <datafield tag="040" ind1=" " ind2=" ">
            <subfield code="a">JED</subfield>
            <subfield code="b">eng</subfield>
            <subfield code="c">JED</subfield>
            <subfield code="d">OCL</subfield>
            <subfield code="d">SDE</subfield>
            <subfield code="d">BGU</subfield>
            <subfield code="d">IXA</subfield>
            <subfield code="d">BTCTA</subfield>
            <subfield code="d">OCLCA</subfield>
            <subfield code="d">MTG</subfield>
            <subfield code="d">OCLCA</subfield>
            <subfield code="d">OCLCQ</subfield>
            <subfield code="d">DLC</subfield>
          </datafield>
          <datafield tag="042" ind1=" " ind2=" ">
            <subfield code="a">lccopycat</subfield>
          </datafield>
          <datafield tag="050" ind1="0" ind2="0">
            <subfield code="a">SDC 15430</subfield>
          </datafield>
          <datafield tag="100" ind1="1" ind2=" ">
            <subfield code="a">Krieger, Henry.</subfield>
          </datafield>
          <datafield tag="245" ind1="1" ind2="0">
            <subfield code="a">Side show</subfield>
            <subfield code="h">[sound recording] :</subfield>
            <subfield code="b">original Broadway cast recording /</subfield>
            <subfield code="c">book and lyrics by Bill Russell ; music by Henry Krieger.</subfield>
          </datafield>
          <datafield tag="260" ind1=" " ind2=" ">
            <subfield code="a">New York :</subfield>
            <subfield code="b">Sony Classical,</subfield>
            <subfield code="c">p1997.</subfield>
          </datafield>
          <datafield tag="300" ind1=" " ind2=" ">
            <subfield code="a">1 sound disc :</subfield>
            <subfield code="b">digital ;</subfield>
            <subfield code="c">4 3/4 in.</subfield>
          </datafield>
          <datafield tag="511" ind1="0" ind2=" ">
            <subfield code="a">Alice Ripley, Emily Skinner, Jeff McCarthy, Hugh Panaro, Norm Lewis, Ken Jennings, vocals ; orchestra ; David Chase, conductor.</subfield>
          </datafield>
          <datafield tag="518" ind1=" " ind2=" ">
            <subfield code="a">Recorded Nov. 3, 1997, at Clinton Recording Studio, New York City.</subfield>
          </datafield>
          <datafield tag="500" ind1=" " ind2=" ">
            <subfield code="a">Compact disc.</subfield>
          </datafield>
          <datafield tag="500" ind1=" " ind2=" ">
            <subfield code="a">Program notes and lyrics (33 p. : ill.) inserted in container.</subfield>
          </datafield>
          <datafield tag="505" ind1="0" ind2="0">
            <subfield code="t">Come look at the freaks --</subfield>
            <subfield code="t">Happy birthday to you and to you --</subfield>
            <subfield code="t">I'm Daisy, I'm Violet --</subfield>
            <subfield code="t">Like everyone else --</subfield>
            <subfield code="t">The Devil you know --</subfield>
            <subfield code="t">More than we bargained for --</subfield>
            <subfield code="t">Feelings you've got to hide --</subfield>
            <subfield code="t">When I'm by your side --</subfield>
            <subfield code="t">Say goodbye to the freak show --</subfield>
            <subfield code="t">Leave me alone --</subfield>
            <subfield code="t">We share everything --</subfield>
            <subfield code="t">Buddy kissed me --</subfield>
            <subfield code="t">Who will love me as I am? --</subfield>
            <subfield code="t">Rare songbirds on display --</subfield>
            <subfield code="t">New Year's Day --</subfield>
            <subfield code="t">Private conversation --</subfield>
            <subfield code="t">One plus one equals three --</subfield>
            <subfield code="t">You should be loved --</subfield>
            <subfield code="t">Tunnel of love --</subfield>
            <subfield code="t">Beautiful day for a wedding --</subfield>
            <subfield code="t">Buddy's confession --</subfield>
            <subfield code="t">Marry me, Terry --</subfield>
            <subfield code="t">I will never leave you --</subfield>
            <subfield code="t">Finale.</subfield>
          </datafield>
          <datafield tag="650" ind1=" " ind2="0">
            <subfield code="a">Musicals.</subfield>
          </datafield>
          <datafield tag="650" ind1=" " ind2="0">
            <subfield code="a">Freak shows</subfield>
            <subfield code="v">Drama.</subfield>
          </datafield>
          <datafield tag="600" ind1="1" ind2="0">
            <subfield code="a">Hilton, Daisy,</subfield>
            <subfield code="d">1908-1969</subfield>
            <subfield code="v">Drama.</subfield>
          </datafield>
          <datafield tag="600" ind1="1" ind2="0">
            <subfield code="a">Hilton, Violet,</subfield>
            <subfield code="d">1908-1969</subfield>
            <subfield code="v">Drama.</subfield>
          </datafield>
          <datafield tag="700" ind1="1" ind2=" ">
            <subfield code="a">Russell, Bill,</subfield>
            <subfield code="d">1949-</subfield>
            <subfield code="4">lyr</subfield>
          </datafield>
          <datafield tag="700" ind1="1" ind2=" ">
            <subfield code="a">Ripley, Alice.</subfield>
            <subfield code="4">prf</subfield>
          </datafield>
          <datafield tag="700" ind1="1" ind2=" ">
            <subfield code="a">Skinner, Emily,</subfield>
            <subfield code="d">1970-</subfield>
            <subfield code="4">prf</subfield>
          </datafield>
          <datafield tag="700" ind1="1" ind2=" ">
            <subfield code="a">McCarthy, Jeff.</subfield>
            <subfield code="4">prf</subfield>
          </datafield>
          <datafield tag="700" ind1="1" ind2=" ">
            <subfield code="a">Panaro, Hugh.</subfield>
            <subfield code="4">prf</subfield>
          </datafield>
          <datafield tag="700" ind1="1" ind2=" ">
            <subfield code="a">Lewis, Norm,</subfield>
            <subfield code="d">1963-</subfield>
            <subfield code="4">prf</subfield>
          </datafield>
          <datafield tag="700" ind1="1" ind2=" ">
            <subfield code="a">Jennings, Ken.</subfield>
            <subfield code="4">prf</subfield>
          </datafield>
          <datafield tag="700" ind1="1" ind2=" ">
            <subfield code="a">Chase, David</subfield>
            <subfield code="c">(Conductor)</subfield>
            <subfield code="4">cnd</subfield>
          </datafield>
        </record>
      </zs:recordData>
      <zs:recordPosition>12</zs:recordPosition>
    </zs:record>