
    <zs:record>
      <zs:recordSchema/>
      <zs:recordPacking>xml</zs:recordPacking>
      <zs:recordData>
        <record xmlns="http://www.loc.gov/MARC21/slim">
          <leader>04022cjm a2200781 i 4500</leader>
          <controlfield tag="001">17199073</controlfield>
          <controlfield tag="005">20230831093903.0</controlfield>
          <controlfield tag="007">sd fsngnnmmned</controlfield>
          <controlfield tag="008">120307t19991999ctumcn|  efiz     | eng d</controlfield>
          <datafield tag="906" ind1=" " ind2=" ">
            <subfield code="a">7</subfield>
            <subfield code="b">cbc</subfield>
            <subfield code="c">copycat</subfield>
            <subfield code="d">2</subfield>
            <subfield code="e">ncip</subfield>
            <subfield code="f">20</subfield>
            <subfield code="g">y-soundrec</subfield>
          </datafield>
          <datafield tag="925" ind1="0" ind2=" ">
            <subfield code="a">acquire</subfield>
            <subfield code="b">2 shelf copies</subfield>
            <subfield code="x">policy default</subfield>
          </datafield>
          <datafield tag="955" ind1=" " ind2=" ">
            <subfield code="a">qr27 2012-03-07 z-client</subfield>
            <subfield code="i">qr27 2012-03-07</subfield>
            <subfield code="t">qr28 2023-08-31 copy 2 added</subfield>
            <subfield code="r">qr28 2023-08-31 (RDA revisions)</subfield>
          </datafield>
          <datafield tag="010" ind1=" " ind2=" ">
            <subfield code="a">  2012617470</subfield>
          </datafield>
          <datafield tag="024" ind1="1" ind2=" ">
            <subfield code="a">741117873728</subfield>
          </datafield>
          <datafield tag="028" ind1="0" ind2="2">
            <subfield code="a">OC-8737</subfield>
            <subfield code="b">Original Cast Records</subfield>
          </datafield>
          <datafield tag="033" ind1="2" ind2=" ">
            <subfield code="a">19990927</subfield>
            <subfield code="a">19991001</subfield>
            <subfield code="b">3804</subfield>
            <subfield code="c">N4</subfield>
          </datafield>
          <datafield tag="035" ind1=" " ind2=" ">
            <subfield code="a">(OCoLC)ocm54366580</subfield>
          </datafield>
          <datafield tag="040" ind1=" " ind2=" ">
            <subfield code="a">FMM</subfield>
            <subfield code="b">eng</subfield>
            <subfield code="e">rda</subfield>
            <subfield code="c">FMM</subfield>
            <subfield code="d">OCLCQ</subfield>
            <subfield code="d">OCLCG</subfield>
            <subfield code="d">OCLCA</subfield>
            <subfield code="d">WSDBL</subfield>
            <subfield code="d">DLC</subfield>
            <subfield code="d">DLC</subfield>
          </datafield>
          <datafield tag="042" ind1=" " ind2=" ">
            <subfield code="a">lccopycat</subfield>
          </datafield>
          <datafield tag="050" ind1="0" ind2="0">
            <subfield code="a">SDC 12413</subfield>
          </datafield>
          <datafield tag="100" ind1="1" ind2=" ">
            <subfield code="a">Schocker, Gary,</subfield>
            <subfield code="d">1959-</subfield>
            <subfield code="e">composer.</subfield>
          </datafield>
          <datafield tag="240" ind1="1" ind2="0">
            <subfield code="a">Musicals.</subfield>
            <subfield code="k">Selections</subfield>
          </datafield>
          <datafield tag="245" ind1="1" ind2="0">
            <subfield code="a">Far from the madding crowd ;</subfield>
            <subfield code="b">Dusky Sally ; The awakening /</subfield>
            <subfield code="c">[music by Gary Schocker ; book and lyrics by Barbara Campbell].</subfield>
          </datafield>
          <datafield tag="264" ind1=" " ind2="1">
            <subfield code="a">Georgetown, CT :</subfield>
            <subfield code="b">Original Cast Records,</subfield>
            <subfield code="c">[1999]</subfield>
          </datafield>
          <datafield tag="264" ind1=" " ind2="4">
            <subfield code="c">℗1999</subfield>
          </datafield>
          <datafield tag="300" ind1=" " ind2=" ">
            <subfield code="a">1 audio disc :</subfield>
            <subfield code="b">digital ;</subfield>
            <subfield code="c">4 3/4 in.</subfield>
          </datafield>
          <datafield tag="336" ind1=" " ind2=" ">
            <subfield code="a">performed music</subfield>
            <subfield code="b">prm</subfield>
            <subfield code="2">rdacontent</subfield>
          </datafield>
          <datafield tag="337" ind1=" " ind2=" ">
            <subfield code="a">audio</subfield>
            <subfield code="b">s</subfield>
            <subfield code="2">rdamedia</subfield>
          </datafield>
          <datafield tag="338" ind1=" " ind2=" ">
            <subfield code="a">audio disc</subfield>
            <subfield code="b">sd</subfield>
            <subfield code="2">rdacarrier</subfield>
          </datafield>
          <datafield tag="344" ind1=" " ind2=" ">
            <subfield code="a">digital</subfield>
            <subfield code="2">rdatr</subfield>
          </datafield>
          <datafield tag="344" ind1=" " ind2=" ">
            <subfield code="b">optical</subfield>
            <subfield code="2">rdarm</subfield>
          </datafield>
          <datafield tag="344" ind1=" " ind2=" ">
            <subfield code="g">stereo</subfield>
            <subfield code="2">rdacpc</subfield>
          </datafield>
          <datafield tag="347" ind1=" " ind2=" ">
            <subfield code="a">audio file</subfield>
            <subfield code="2">rdaft</subfield>
          </datafield>
          <datafield tag="347" ind1=" " ind2=" ">
            <subfield code="b">CD audio</subfield>
          </datafield>
          <datafield tag="500" ind1=" " ind2=" ">
            <subfield code="a">Title from disc label.</subfield>
          </datafield>
          <datafield tag="500" ind1=" " ind2=" ">
            <subfield code="a">Excerpts from three musicals; songs from the 1st are based on the novel by Thomas Hardy; the 2nd work, a musical retelling of the love affair of Thomas Jefferson and Sally Hemings; the 3rd work is based on the novella by Kate Chopin.</subfield>
          </datafield>
          <datafield tag="511" ind1="0" ind2=" ">
            <subfield code="a">Ann Hampton Callaway, Liz Callaway, Victoria Clark, Brian d'Arcy James, Doug LaBrecque, LaChanze, Peter Lockyer, David Masenheimer, Judy McLane, Christiane Noll, Emily Skinner, vocalists ; musicians ; Bradley Vieth, conductor.</subfield>
          </datafield>
          <datafield tag="518" ind1=" " ind2=" ">
            <subfield code="o">Recorded</subfield>
            <subfield code="d">1999 September 27-1999 October 1</subfield>
            <subfield code="p">Sean Swinney Recordings, New York, N.Y.</subfield>
          </datafield>
          <datafield tag="500" ind1=" " ind2=" ">
            <subfield code="a">Program notes, biographical notes on the creators and performers, and synopses by Barbara Campbell inserted in container.</subfield>
          </datafield>
          <datafield tag="505" ind1="0" ind2=" ">
            <subfield code="a">Far from the madding crowd. Wonder what she'd tell me now ; An everyday man ; Isn't that the way ; The game begins ; Fanny ; The wheel of the year ; A few hours more ; After all -- Dusky Sally. Weeds ; My wedding day -- Awakening. Always the sea ; Little girls ; Spirit of the summer night ; Dimanche après-midi ; When I touch the keys ; After midnight ; Fairy tales ; You are the sea.</subfield>
          </datafield>
          <datafield tag="650" ind1=" " ind2="0">
            <subfield code="a">Musicals</subfield>
            <subfield code="v">Excerpts.</subfield>
          </datafield>
          <datafield tag="655" ind1=" " ind2="7">
            <subfield code="a">Musicals.</subfield>
            <subfield code="2">lcgft</subfield>
          </datafield>
          <datafield tag="655" ind1=" " ind2="7">
            <subfield code="a">Songs.</subfield>
            <subfield code="2">lcgft</subfield>
          </datafield>
          <datafield tag="655" ind1=" " ind2="7">
            <subfield code="a">Excerpts.</subfield>
            <subfield code="2">lcgft</subfield>
          </datafield>
          <datafield tag="655" ind1=" " ind2="7">
            <subfield code="a">Theatrical adaptations.</subfield>
            <subfield code="2">lcgft</subfield>
          </datafield>
          <datafield tag="600" ind1="1" ind2="0">
            <subfield code="a">Jefferson, Thomas,</subfield>
            <subfield code="d">1743-1826</subfield>
            <subfield code="v">Drama.</subfield>
          </datafield>
          <datafield tag="600" ind1="1" ind2="0">
            <subfield code="a">Hemings, Sally</subfield>
            <subfield code="v">Drama.</subfield>
          </datafield>
          <datafield tag="700" ind1="1" ind2=" ">
            <subfield code="a">Campbell, Barbara,</subfield>
            <subfield code="e">librettist,</subfield>
            <subfield code="e">lyricist.</subfield>
          </datafield>
          <datafield tag="700" ind1="1" ind2=" ">
            <subfield code="a">Callaway, Ann Hampton,</subfield>
            <subfield code="e">singer.</subfield>
          </datafield>
          <datafield tag="700" ind1="1" ind2=" ">
            <subfield code="a">Callaway, Liz,</subfield>
            <subfield code="e">singer.</subfield>
          </datafield>
          <datafield tag="700" ind1="1" ind2=" ">
            <subfield code="a">Clark, Victoria,</subfield>
            <subfield code="d">1959-</subfield>
            <subfield code="e">singer.</subfield>
          </datafield>
          <datafield tag="700" ind1="1" ind2=" ">
            <subfield code="a">James, Brian D'Arcy,</subfield>
            <subfield code="e">singer.</subfield>
          </datafield>
          <datafield tag="700" ind1="1" ind2=" ">
            <subfield code="a">LaBrecque, Doug,</subfield>
            <subfield code="e">performer.</subfield>
          </datafield>
          <datafield tag="700" ind1="0" ind2=" ">
            <subfield code="a">LaChanze,</subfield>
            <subfield code="e">singer.</subfield>
          </datafield>
          <datafield tag="700" ind1="1" ind2=" ">
            <subfield code="a">Lockyer, Peter,</subfield>
            <subfield code="e">singer.</subfield>
          </datafield>
          <datafield tag="700" ind1="1" ind2=" ">
            <subfield code="a">Masenheimer, David,</subfield>
            <subfield code="e">singer.</subfield>
          </datafield>
          <datafield tag="700" ind1="1" ind2=" ">
            <subfield code="a">McLane, Judy,</subfield>
            <subfield code="e">singer.</subfield>
          </datafield>
          <datafield tag="700" ind1="1" ind2=" ">
            <subfield code="a">Noll, Christiane,</subfield>
            <subfield code="e">singer.</subfield>
          </datafield>
          <datafield tag="700" ind1="1" ind2=" ">
            <subfield code="a">Skinner, Emily,</subfield>
            <subfield code="d">1970-</subfield>
            <subfield code="e">singer.</subfield>
          </datafield>
          <datafield tag="700" ind1="1" ind2=" ">
            <subfield code="a">Vieth, Bradley,</subfield>
            <subfield code="e">conductor.</subfield>
          </datafield>
          <datafield tag="700" ind1="1" ind2=" ">
            <subfield code="3">1st work</subfield>
            <subfield code="i">Musical theatre adaptation of (work):</subfield>
            <subfield code="a">Hardy, Thomas,</subfield>
            <subfield code="d">1840-1928.</subfield>
            <subfield code="t">Far from the madding crowd.</subfield>
          </datafield>
          <datafield tag="700" ind1="1" ind2=" ">
            <subfield code="3">3rd work</subfield>
            <subfield code="i">Musical theatre adaptation of (work):</subfield>
            <subfield code="a">Chopin, Kate,</subfield>
            <subfield code="d">1850-1904.</subfield>
            <subfield code="t">Awakening.</subfield>
          </datafield>
          <datafield tag="700" ind1="1" ind2="2">
            <subfield code="i">Container of (work):</subfield>
            <subfield code="a">Schocker, Gary,</subfield>
            <subfield code="d">1959-</subfield>
            <subfield code="t">Far from the madding crowd.</subfield>
            <subfield code="k">Selections.</subfield>
          </datafield>
          <datafield tag="700" ind1="1" ind2="2">
            <subfield code="i">Container of (work):</subfield>
            <subfield code="a">Schocker, Gary,</subfield>
            <subfield code="d">1959-</subfield>
            <subfield code="t">Dusky Sally.</subfield>
            <subfield code="p">Weeds.</subfield>
          </datafield>
          <datafield tag="700" ind1="1" ind2="2">
            <subfield code="i">Container of (work):</subfield>
            <subfield code="a">Schocker, Gary,</subfield>
            <subfield code="d">1959-</subfield>
            <subfield code="t">Dusky Sally.</subfield>
            <subfield code="p">My wedding day.</subfield>
          </datafield>
          <datafield tag="700" ind1="1" ind2="2">
            <subfield code="i">Container of (work):</subfield>
            <subfield code="a">Schocker, Gary,</subfield>
            <subfield code="d">1959-</subfield>
            <subfield code="t">Awakening.</subfield>
            <subfield code="k">Selections.</subfield>
          </datafield>
          <datafield tag="740" ind1="0" ind2="2">
            <subfield code="a">Dusky Sally.</subfield>
          </datafield>
          <datafield tag="740" ind1="0" ind2="2">
            <subfield code="a">Awakening.</subfield>
          </datafield>
        </record>
      </zs:recordData>
      <zs:recordPosition>14</zs:recordPosition>
    </zs:record>