
    <zs:record>
      <zs:recordSchema/>
      <zs:recordPacking>xml</zs:recordPacking>
      <zs:recordData>
        <record xmlns="http://www.loc.gov/MARC21/slim">
          <leader>03567cjm a2200721 i 4500</leader>
          <controlfield tag="001">23394791</controlfield>
          <controlfield tag="005">20231203103040.0</controlfield>
          <controlfield tag="007">sd fsngnnmmned</controlfield>
          <controlfield tag="008">231124t20002000nyumcn|  diz      | eng d</controlfield>
          <datafield tag="906" ind1=" " ind2=" ">
            <subfield code="a">7</subfield>
            <subfield code="b">cbc</subfield>
            <subfield code="c">copycat</subfield>
            <subfield code="d">2</subfield>
            <subfield code="e">ncip</subfield>
            <subfield code="f">20</subfield>
            <subfield code="g">y-soundrec</subfield>
          </datafield>
          <datafield tag="925" ind1="0" ind2=" ">
            <subfield code="a">acquire</subfield>
            <subfield code="b">2 shelf copies</subfield>
            <subfield code="x">policy default</subfield>
          </datafield>
          <datafield tag="955" ind1=" " ind2=" ">
            <subfield code="a">qr27 2023-11-24 z-client</subfield>
            <subfield code="i">qr27 2023-11-24</subfield>
          </datafield>
          <datafield tag="010" ind1=" " ind2=" ">
            <subfield code="a">  2023887151</subfield>
          </datafield>
          <datafield tag="024" ind1="1" ind2=" ">
            <subfield code="a">090266373925</subfield>
          </datafield>
          <datafield tag="024" ind1="1" ind2="0">
            <subfield code="a">09026637392</subfield>
          </datafield>
          <datafield tag="024" ind1="1" ind2="0">
            <subfield code="a">9026637392</subfield>
          </datafield>
          <datafield tag="028" ind1="0" ind2="2">
            <subfield code="a">09026-63739-2</subfield>
            <subfield code="b">RCA Victor</subfield>
          </datafield>
          <datafield tag="033" ind1="2" ind2="0">
            <subfield code="a">20001002</subfield>
            <subfield code="a">20001030</subfield>
            <subfield code="b">3804</subfield>
            <subfield code="c">N4</subfield>
          </datafield>
          <datafield tag="035" ind1=" " ind2=" ">
            <subfield code="a">(OCoLC)ocm45634028</subfield>
          </datafield>
          <datafield tag="040" ind1=" " ind2=" ">
            <subfield code="a">JED</subfield>
            <subfield code="b">eng</subfield>
            <subfield code="e">rda</subfield>
            <subfield code="c">JED</subfield>
            <subfield code="d">CPL</subfield>
            <subfield code="d">BTCTA</subfield>
            <subfield code="d">KSU</subfield>
            <subfield code="d">NYP</subfield>
            <subfield code="d">KZV</subfield>
            <subfield code="d">MTG</subfield>
            <subfield code="d">SINLB</subfield>
            <subfield code="d">OCLCQ</subfield>
            <subfield code="d">JSE</subfield>
            <subfield code="d">OCLCF</subfield>
            <subfield code="d">TFW</subfield>
            <subfield code="d">OCL</subfield>
            <subfield code="d">OCLCQ</subfield>
            <subfield code="d">TFW</subfield>
            <subfield code="d">LNC</subfield>
            <subfield code="d">CNVPL</subfield>
            <subfield code="d">JRA</subfield>
            <subfield code="d">OCLCQ</subfield>
            <subfield code="d">TYC</subfield>
            <subfield code="d">FQG</subfield>
            <subfield code="d">SNN</subfield>
            <subfield code="d">OCLCQ</subfield>
            <subfield code="d">GZN</subfield>
            <subfield code="d">OCLCO</subfield>
            <subfield code="d">OCLCQ</subfield>
            <subfield code="d">DLC</subfield>
          </datafield>
          <datafield tag="042" ind1=" " ind2=" ">
            <subfield code="a">lccopycat</subfield>
          </datafield>
          <datafield tag="045" ind1="0" ind2=" ">
            <subfield code="b">d2000</subfield>
          </datafield>
          <datafield tag="050" ind1="0" ind2="0">
            <subfield code="a">SDD 72366</subfield>
          </datafield>
          <datafield tag="082" ind1="0" ind2="4">
            <subfield code="a">781.538</subfield>
          </datafield>
          <datafield tag="100" ind1="1" ind2=" ">
            <subfield code="a">Yazbek, David,</subfield>
            <subfield code="d">1960-</subfield>
            <subfield code="e">composer.</subfield>
          </datafield>
          <datafield tag="245" ind1="1" ind2="4">
            <subfield code="a">The full monty :</subfield>
            <subfield code="b">the Broadway musical /</subfield>
            <subfield code="c">book by Terrence McNally ; music and lyrics by David Yazbek.</subfield>
          </datafield>
          <datafield tag="264" ind1=" " ind2="1">
            <subfield code="a">New York, N.Y. :</subfield>
            <subfield code="b">BMG :</subfield>
            <subfield code="b">RCA Victor,</subfield>
            <subfield code="c">[2000]</subfield>
          </datafield>
          <datafield tag="264" ind1=" " ind2="4">
            <subfield code="c">℗2000</subfield>
          </datafield>
          <datafield tag="300" ind1=" " ind2=" ">
            <subfield code="a">1 audio disc (47 min.) ;</subfield>
            <subfield code="c">4 3/4 in.</subfield>
          </datafield>
          <datafield tag="306" ind1=" " ind2=" ">
            <subfield code="a">004700</subfield>
          </datafield>
          <datafield tag="336" ind1=" " ind2=" ">
            <subfield code="a">performed music</subfield>
            <subfield code="b">prm</subfield>
            <subfield code="2">rdacontent</subfield>
          </datafield>
          <datafield tag="337" ind1=" " ind2=" ">
            <subfield code="a">audio</subfield>
            <subfield code="b">s</subfield>
            <subfield code="2">rdamedia</subfield>
          </datafield>
          <datafield tag="338" ind1=" " ind2=" ">
            <subfield code="a">audio disc</subfield>
            <subfield code="b">sd</subfield>
            <subfield code="2">rdacarrier</subfield>
          </datafield>
          <datafield tag="344" ind1=" " ind2=" ">
            <subfield code="a">digital</subfield>
            <subfield code="2">rdatr</subfield>
          </datafield>
          <datafield tag="344" ind1=" " ind2=" ">
            <subfield code="b">optical</subfield>
            <subfield code="2">rdarm</subfield>
          </datafield>
          <datafield tag="344" ind1=" " ind2=" ">
            <subfield code="c">1.4 m/s</subfield>
          </datafield>
          <datafield tag="347" ind1=" " ind2=" ">
            <subfield code="a">audio file</subfield>
            <subfield code="2">rdaft</subfield>
          </datafield>
          <datafield tag="347" ind1=" " ind2=" ">
            <subfield code="b">CD audio</subfield>
          </datafield>
          <datafield tag="500" ind1=" " ind2=" ">
            <subfield code="a">Title from disc label.</subfield>
          </datafield>
          <datafield tag="511" ind1="0" ind2=" ">
            <subfield code="a">Broadway cast: Patrick Wilson (Jerry Lukowski) ; John Ellison Conlee (Dave Bukatinsky) ; Romain Frugé (Ethan Girard) ; Jason Danieley (Malcolm MacGregor) ; Emily Skinner (Vicki Nichols) ; André De Shields (Noah "Horse" T. Simmons) ; Marcus Neville (Harold Nichols) ; Kathleen Freeman (Jeanette Burmeister) ; Annie Golden (Georgie Bukatinsky) ; with supporting singers and orchestra ; Kimberly Grigsby and Ted Sperling, conductors.</subfield>
          </datafield>
          <datafield tag="518" ind1=" " ind2=" ">
            <subfield code="o">Recorded</subfield>
            <subfield code="d">2000 October 2-6 and 30</subfield>
            <subfield code="p">at RPM Studios and Edison Studios, New York City.</subfield>
          </datafield>
          <datafield tag="500" ind1=" " ind2=" ">
            <subfield code="a">Program notes by Lindsay Law, synopsis, full list of singers and orchestra members, and lyrics (35 pages : illustrations) inserted in container.</subfield>
          </datafield>
          <datafield tag="505" ind1="0" ind2="0">
            <subfield code="t">Overture</subfield>
            <subfield code="g">(1:33) --</subfield>
            <subfield code="t">Scrap</subfield>
            <subfield code="g">(3:45) --</subfield>
            <subfield code="t">It's a woman's world</subfield>
            <subfield code="g">(2:19) --</subfield>
            <subfield code="t">Man</subfield>
            <subfield code="g">(3:12) --</subfield>
            <subfield code="t">Big-ass rock</subfield>
            <subfield code="g">(3:42) --</subfield>
            <subfield code="t">Life with Harold</subfield>
            <subfield code="g">(2:18) --</subfield>
            <subfield code="t">Big Black man</subfield>
            <subfield code="g">(3:51) --</subfield>
            <subfield code="t">You rule my world</subfield>
            <subfield code="g">(3:19) --</subfield>
            <subfield code="t">Michael Jordan's ball</subfield>
            <subfield code="g">(2:29) --</subfield>
            <subfield code="t">Jeanette's showbiz number</subfield>
            <subfield code="g">(3:40) --</subfield>
            <subfield code="t">Breeze off the river</subfield>
            <subfield code="g">(2:38) --</subfield>
            <subfield code="t">The goods</subfield>
            <subfield code="g">(4:31) --</subfield>
            <subfield code="t">You walk with me</subfield>
            <subfield code="g">(3:10) --</subfield>
            <subfield code="t">You rule my world (reprise)</subfield>
            <subfield code="g">(1:50) --</subfield>
            <subfield code="t">Let it go</subfield>
            <subfield code="g">(3:51).</subfield>
          </datafield>
          <datafield tag="650" ind1=" " ind2="0">
            <subfield code="a">Musicals.</subfield>
          </datafield>
          <datafield tag="650" ind1=" " ind2="7">
            <subfield code="a">Musicals.</subfield>
            <subfield code="2">fast</subfield>
            <subfield code="0">(OCoLC)fst01030814</subfield>
          </datafield>
          <datafield tag="650" ind1=" " ind2="7">
            <subfield code="a">Broadway musical score.</subfield>
            <subfield code="2">sears</subfield>
          </datafield>
          <datafield tag="655" ind1=" " ind2="7">
            <subfield code="a">Original cast recordings</subfield>
            <subfield code="2">fast</subfield>
            <subfield code="0">(OCoLC)fst01919889</subfield>
          </datafield>
          <datafield tag="655" ind1=" " ind2="7">
            <subfield code="a">Musicals</subfield>
            <subfield code="2">fast</subfield>
            <subfield code="0">(OCoLC)fst01726680</subfield>
          </datafield>
          <datafield tag="655" ind1=" " ind2="7">
            <subfield code="a">Musicals.</subfield>
            <subfield code="2">lcgft</subfield>
          </datafield>
          <datafield tag="655" ind1=" " ind2="7">
            <subfield code="a">Original cast recordings.</subfield>
            <subfield code="2">lcgft</subfield>
          </datafield>
          <datafield tag="655" ind1=" " ind2="7">
            <subfield code="a">Comédies musicales.</subfield>
            <subfield code="2">rvmgf</subfield>
          </datafield>
          <datafield tag="700" ind1="1" ind2=" ">
            <subfield code="a">McNally, Terrence,</subfield>
            <subfield code="e">librettist.</subfield>
          </datafield>
          <datafield tag="700" ind1="1" ind2=" ">
            <subfield code="a">Wilson, Patrick,</subfield>
            <subfield code="d">1973-</subfield>
            <subfield code="e">singer.</subfield>
          </datafield>
          <datafield tag="700" ind1="1" ind2=" ">
            <subfield code="a">Conlee, John Ellison,</subfield>
            <subfield code="d">1968-</subfield>
            <subfield code="e">singer.</subfield>
          </datafield>
          <datafield tag="700" ind1="1" ind2=" ">
            <subfield code="a">Frugé, Romain,</subfield>
            <subfield code="d">1959-</subfield>
            <subfield code="e">singer.</subfield>
          </datafield>
          <datafield tag="700" ind1="1" ind2=" ">
            <subfield code="a">Danieley, Jason,</subfield>
            <subfield code="e">singer.</subfield>
          </datafield>
          <datafield tag="700" ind1="1" ind2=" ">
            <subfield code="a">Skinner, Emily,</subfield>
            <subfield code="d">1970-</subfield>
            <subfield code="e">singer.</subfield>
          </datafield>
          <datafield tag="700" ind1="1" ind2=" ">
            <subfield code="a">De Shields, André,</subfield>
            <subfield code="d">1946-</subfield>
            <subfield code="e">singer.</subfield>
          </datafield>
          <datafield tag="700" ind1="1" ind2=" ">
            <subfield code="a">Neville, Marcus,</subfield>
            <subfield code="e">singer.</subfield>
          </datafield>
          <datafield tag="700" ind1="1" ind2=" ">
            <subfield code="a">Freeman, Kathleen,</subfield>
            <subfield code="d">1919-2001,</subfield>
            <subfield code="e">singer.</subfield>
          </datafield>
          <datafield tag="700" ind1="1" ind2=" ">
            <subfield code="a">Golden, Annie,</subfield>
            <subfield code="e">singer.</subfield>
          </datafield>
          <datafield tag="700" ind1="1" ind2=" ">
            <subfield code="a">Grigsby, Kimberly,</subfield>
            <subfield code="e">conductor.</subfield>
          </datafield>
          <datafield tag="700" ind1="1" ind2=" ">
            <subfield code="a">Sperling, Ted,</subfield>
            <subfield code="e">conductor.</subfield>
          </datafield>
        </record>
      </zs:recordData>
      <zs:recordPosition>17</zs:recordPosition>
    </zs:record>
  </zs:records>
  <zs:echoedSearchRetrieveRequest>
    <zs:version>1.1</zs:version>
    <zs:query>dc.creator="Skinner, Emiy" or dc.creator="Skinner, Emily"</zs:query>
    <zs:maximumRecords>100</zs:maximumRecords>
    <zs:recordPacking>xml</zs:recordPacking>
  </zs:echoedSearchRetrieveRequest>
</zs:searchRetrieveResponse>
